day;timestamp;product;bid_price_1;bid_volume_1;bid_price_2;bid_volume_2;bid_price_3;bid_volume_3;ask_price_1;ask_volume_1;ask_price_2;ask_volume_2;ask_price_3;ask_volume_3;mid_price;profit_and_loss
0;0;ROSES;14990;6;14988;20;14987;5;15010;16;15011;4;15012;3;15000.0;-0.0
0;0;CHOCOLATE;7994;25;7991;22;7990;18;8006;12;8009;19;8010;23;8000.2;0.0
0;100;ROSES;14990;11;14989;7;14986;9;15010;13;15012;6;15014;5;14999.9;0.0
0;100;CHOCOLATE;7994;19;7992;22;7989;8;8006;17;8008;7;8009;22;8000.0;0.0
0;200;ROSES;14990;5;14988;4;14985;10;15010;12;15011;5;15014;10;14999.7;0.0
0;200;CHOCOLATE;7994;16;7992;16;7989;11;8006;13;8008;25;8009;7;8000.2;-0.0
0;300;ROSES;14990;15;14987;11;14986;20;15010;10;15011;13;15013;4;14999.6;-0.0
0;300;CHOCOLATE;7994;11;7992;23;7990;15;8006;11;8008;25;8009;20;8000.2;0.0
0;400;ROSES;14989;10;14987;20;14986;20;15009;11;15011;16;15012;15;14999.1;0.0
0;400;CHOCOLATE;7994;6;7993;8;7990;9;8006;25;8008;10;8009;18;7999.5;0.0
0;500;ROSES;14989;20;14986;3;14984;6;15009;20;15012;11;15014;13;14998.8;-0.0
0;500;CHOCOLATE;7994;13;7992;21;7991;10;8006;21;8009;8;8012;25;7999.8;0.0
0;600;ROSES;14989;8;14986;20;14985;19;15009;3;15010;13;15012;18;14998.7;0.0
0;600;CHOCOLATE;7994;23;7992;7;7991;7;8006;20;8007;7;8008;22;8000.4;0.0
0;700;ROSES;14989;19;14987;16;14984;9;15009;20;15010;9;15012;12;14998.7;-0.0
0;700;CHOCOLATE;7994;8;7992;12;7990;12;8006;7;8009;15;8011;5;8000.1;0.0
0;800;ROSES;14988;4;14987;10;14986;5;15008;4;15009;13;15012;5;14998.5;-0.0
0;800;CHOCOLATE;7994;23;7992;23;7991;20;8006;12;8009;20;8010;18;7999.8;-0.0
0;900;ROSES;14989;17;14987;4;14985;6;15009;4;15011;15;15013;13;14998.6;0.0
0;900;CHOCOLATE;7994;9;7993;18;7992;10;8006;13;8009;19;8011;12;7999.9;-0.0
0;1000;ROSES;14989;20;14986;3;14985;5;15009;10;15010;8;15013;16;14998.7;-0.0
0;1000;CHOCOLATE;7994;5;7992;17;7991;13;8006;19;8007;14;8009;18;7999.7;0.0
0;1100;ROSES;14988;7;14985;9;14982;12;15008;9;15011;4;15013;20;14998.5;-0.0
0;1100;CHOCOLATE;7994;21;7993;10;7990;6;8006;21;8008;7;8011;10;7999.9;0.0
0;1200;ROSES;14989;10;14988;4;14986;5;15009;16;15010;19;15013;13;14998.6;0.0
0;1200;CHOCOLATE;7994;17;7991;9;7989;25;8006;14;8007;19;8009;15;8000.1;-0.0
0;1300;ROSES;14989;6;14988;5;14986;20;15009;9;15012;19;15015;11;14999.2;-0.0
0;1300;CHOCOLATE;7994;10;7993;19;7992;22;8006;14;8008;24;8010;25;8000.3;0.0
0;1400;ROSES;14989;7;14986;11;14984;6;15009;6;15012;20;15013;7;14998.8;-0.0
0;1400;CHOCOLATE;7994;25;7991;13;7989;21;8006;20;8007;13;8010;6;8000.2;0.0
0;1500;ROSES;14989;7;14987;11;14986;8;15009;17;15010;20;15012;16;14999.1;0.0
0;1500;CHOCOLATE;7994;16;7991;23;7990;22;8006;9;8009;18;8010;9;8000.1;-0.0
0;1600;ROSES;14989;10;14988;6;14986;14;15009;20;15010;16;15013;7;14999.3;0.0
0;1600;CHOCOLATE;7994;10;7993;15;7992;18;8006;12;8008;13;8009;10;8000.3;-0.0
0;1700;ROSES;14989;17;14988;14;14986;12;15009;10;15010;10;15011;3;14999.4;-0.0
0;1700;CHOCOLATE;7994;25;7992;21;7991;17;8006;22;8008;15;8010;5;8000.1;-0.0
0;1800;ROSES;14990;6;14989;16;14986;14;15010;13;15012;16;15013;19;15000.0;0.1
0;1800;CHOCOLATE;7995;18;7994;5;7992;21;8007;22;8008;11;8011;16;8000.6;0.1
0;1900;ROSES;14989;6;14987;12;14984;19;15009;12;15011;16;15014;13;14999.3;0.0
0;1900;CHOCOLATE;7994;17;7993;10;7992;24;8006;23;8008;14;8011;17;8000.4;0.0
0;2000;ROSES;14989;13;14987;17;14986;17;15009;17;15011;9;15014;19;14999.3;-0.0
0;2000;CHOCOLATE;7994;14;7991;21;7990;25;8006;24;8009;15;8010;7;7999.8;0.0
0;2100;ROSES;14990;7;14987;3;14985;4;15010;10;15011;18;15012;5;14999.5;-0.1
0;2100;CHOCOLATE;7993;17;7990;20;7989;17;8005;12;8008;9;8011;25;7999.2;0.0
0;2200;ROSES;14989;19;14988;17;14986;4;15009;20;15010;10;15011;6;14999.3;-0.1
0;2200;CHOCOLATE;7993;15;7990;19;7987;24;8005;21;8008;18;8011;22;7998.7;0.0
0;2300;ROSES;14989;11;14987;19;14985;18;15009;10;15011;11;15012;17;14999.1;0.0
0;2300;CHOCOLATE;7993;7;7991;9;7989;9;8005;12;8007;17;8010;9;7998.9;0.0
0;2400;ROSES;14989;16;14987;4;14985;9;15009;16;15012;15;15014;3;14999.1;-0.0
0;2400;CHOCOLATE;7993;14;7991;17;7989;18;8005;22;8006;22;8008;24;7999.2;-0.1
0;2500;ROSES;14989;15;14987;13;14985;15;15009;8;15011;17;15012;7;14999.3;-0.0
0;2500;CHOCOLATE;7994;5;7992;7;7989;25;8006;18;8009;9;8012;19;7999.6;-0.0
0;2600;ROSES;14989;13;14987;15;14986;11;15009;16;15011;11;15013;5;14999.4;0.0
0;2600;CHOCOLATE;7993;7;7992;25;7990;6;8005;5;8006;12;8009;11;7999.1;0.0
0;2700;ROSES;14990;6;14989;9;14988;17;15010;11;15012;14;15015;8;14999.7;-0.1
0;2700;CHOCOLATE;7992;8;7989;23;7988;5;8004;14;8005;23;8007;17;7998.5;-0.1
0;2800;ROSES;14989;10;14988;6;14985;12;15009;6;15012;4;15015;14;14999.3;0.1
0;2800;CHOCOLATE;7992;5;7991;18;7988;20;8004;8;8007;18;8009;16;7998.0;-0.0
0;2900;ROSES;14989;19;14986;11;14985;20;15009;18;15011;17;15012;16;14998.9;-0.1
0;2900;CHOCOLATE;7992;19;7990;12;7989;19;8004;23;8005;24;8007;17;7998.2;-0.1
0;3000;ROSES;14989;14;14987;11;14986;13;15009;11;15011;11;15012;20;14998.7;0.1
0;3000;CHOCOLATE;7993;20;7992;22;7991;12;8005;20;8008;25;8010;20;7998.9;0.0
0;3100;ROSES;14989;10;14987;12;14986;14;15009;18;15011;20;15014;19;14998.7;0.0
0;3100;CHOCOLATE;7992;19;7989;13;7987;14;8004;13;8006;12;8009;8;7998.4;0.2
0;3200;ROSES;14989;9;14986;9;14983;18;15009;11;15012;19;15013;12;14998.6;-0.1
0;3200;CHOCOLATE;7993;14;7991;5;7990;22;8005;9;8007;13;8008;6;7998.9;-0.0
0;3300;ROSES;14989;6;14986;3;14985;12;15009;18;15012;18;15014;17;14999.0;-0.0
0;3300;CHOCOLATE;7992;17;7990;20;7988;7;8004;23;8005;25;8006;6;7998.5;0.2
0;3400;ROSES;14989;20;14987;16;14986;10;15009;19;15010;15;15011;17;14999.3;0.1
0;3400;CHOCOLATE;7993;24;7990;6;7988;24;8005;8;8007;11;8010;25;7998.7;-0.0
0;3500;ROSES;14989;5;14988;8;14987;3;15009;16;15010;17;15013;18;14999.4;0.1
0;3500;CHOCOLATE;7993;7;7990;12;7988;13;8005;25;8008;23;8010;11;7998.7;0.1
0;3600;ROSES;14989;5;14986;4;14985;8;15009;12;15011;12;15012;17;14999.1;0.1
0;3600;CHOCOLATE;7993;22;7990;20;7988;19;8005;7;8007;24;8010;6;7999.0;0.1
0;3700;ROSES;14990;10;14987;3;14985;11;15010;4;15011;8;15012;18;14999.5;-0.1
0;3700;CHOCOLATE;7993;25;7991;20;7990;7;8005;20;8008;16;8010;18;7998.7;-0.0
0;3800;ROSES;14989;18;14988;12;14986;15;15009;20;15011;4;15014;17;14999.2;0.1
0;3800;CHOCOLATE;7993;22;7992;19;7990;18;8005;6;8008;11;8009;21;7998.9;0.0
0;3900;ROSES;14989;11;14986;20;14984;7;15009;12;15010;17;15011;18;14998.9;0.1
0;3900;CHOCOLATE;7994;14;7991;22;7990;5;8006;22;8009;18;8010;7;7999.5;0.2
0;4000;ROSES;14989;7;14988;18;14986;12;15009;19;15010;11;15013;16;14999.0;0.2
0;4000;CHOCOLATE;7994;17;7993;11;7991;24;8006;21;8009;9;8010;7;7999.9;-0.2
0;4100;ROSES;14989;3;14987;12;14985;12;15009;18;15012;7;15014;17;14998.9;0.2
0;4100;CHOCOLATE;7994;15;7991;11;7988;12;8006;23;8008;17;8010;12;7999.6;-0.0
0;4200;ROSES;14989;15;14987;15;14984;7;15009;18;15011;4;15014;7;14999.1;-0.1
0;4200;CHOCOLATE;7993;19;7992;5;7990;9;8005;18;8006;25;8009;9;7999.2;-0.0
0;4300;ROSES;14990;15;14988;5;14986;13;15010;20;15013;15;15016;13;14999.6;0.1
0;4300;CHOCOLATE;7993;7;7991;12;7988;25;8005;14;8006;12;8009;7;7998.8;-0.2
0;4400;ROSES;14990;8;14987;12;14984;3;15010;4;15011;13;15013;4;14999.5;0.0
0;4400;CHOCOLATE;7993;23;7992;10;7991;10;8005;10;8008;7;8010;24;7998.7;0.1
0;4500;ROSES;14990;10;14989;17;14987;11;15010;17;15013;11;15014;3;14999.7;-0.1
0;4500;CHOCOLATE;7993;7;7991;19;7988;16;8005;23;8008;14;8009;25;7999.0;-0.1
0;4600;ROSES;14990;18;14988;6;14986;10;15010;15;15011;14;15013;12;15000.2;-0.0
0;4600;CHOCOLATE;7993;23;7990;6;7988;24;8005;20;8007;14;8008;12;7999.2;-0.0
0;4700;ROSES;14990;7;14987;6;14986;4;15010;12;15013;17;15015;4;15000.0;-0.1
0;4700;CHOCOLATE;7993;18;7992;10;7990;11;8005;9;8007;22;8010;16;7998.8;-0.1
0;4800;ROSES;14989;13;14988;6;14986;17;15009;5;15011;7;15013;10;14999.3;-0.1
0;4800;CHOCOLATE;7993;17;7991;5;7988;13;8005;22;8007;8;8008;19;7999.1;-0.1
0;4900;ROSES;14989;14;14987;6;14984;10;15009;18;15011;3;15014;20;14999.0;0.1
0;4900;CHOCOLATE;7993;14;7990;25;7989;18;8005;8;8008;9;8010;6;7998.9;0.1
0;5000;ROSES;14989;20;14987;7;14986;15;15009;17;15010;14;15011;20;14999.2;-0.0
0;5000;CHOCOLATE;7992;20;7991;24;7989;18;8004;13;8007;6;8008;16;7998.5;0.1
0;5100;ROSES;14989;14;14988;20;14986;14;15009;4;15010;15;15013;11;14999.3;0.1
0;5100;CHOCOLATE;7992;25;7990;25;7989;24;8004;5;8007;6;8008;15;7998.5;0.1
0;5200;ROSES;14989;9;14986;9;14985;10;15009;13;15010;7;15013;3;14999.3;0.1
0;5200;CHOCOLATE;7992;8;7991;5;7988;9;8004;5;8006;16;8007;12;7998.4;0.4
0;5300;ROSES;14989;16;14987;19;14986;6;15009;5;15010;18;15013;17;14999.3;-0.0
0;5300;CHOCOLATE;7992;24;7991;6;7989;21;8004;14;8007;19;8008;25;7998.4;-0.2
0;5400;ROSES;14989;6;14987;18;14985;17;15009;5;15011;5;15014;13;14999.4;-0.0
0;5400;CHOCOLATE;7992;22;7990;15;7987;17;8004;24;8007;21;8010;14;7998.4;-0.0
0;5500;ROSES;14989;20;14988;9;14985;16;15009;17;15010;10;15013;16;14999.0;0.1
0;5500;CHOCOLATE;7992;18;7990;15;7987;13;8004;16;8005;9;8007;20;7998.2;0.1
0;5600;ROSES;14990;14;14989;7;14987;20;15010;4;15011;20;15014;20;14999.5;0.1
0;5600;CHOCOLATE;7992;6;7990;14;7987;24;8004;14;8006;16;8009;8;7998.1;0.1
0;5700;ROSES;14989;14;14986;20;14984;14;15009;6;15010;11;15011;10;14999.3;-0.0
0;5700;CHOCOLATE;7992;22;7989;5;7986;24;8004;13;8007;5;8010;10;7998.3;-0.3
0;5800;ROSES;14989;7;14987;15;14985;5;15009;7;15010;3;15011;5;14999.2;0.2
0;5800;CHOCOLATE;7992;16;7990;14;7988;15;8004;23;8006;24;8007;7;7998.3;-0.1
0;5900;ROSES;14989;11;14986;17;14985;16;15009;18;15012;17;15013;16;14999.4;-0.1
0;5900;CHOCOLATE;7992;14;7991;23;7989;20;8004;21;8006;14;8007;6;7998.2;0.2
0;6000;ROSES;14990;9;14989;7;14988;11;15010;12;15011;13;15013;6;14999.5;0.4
0;6000;CHOCOLATE;7993;12;7992;21;7991;22;8005;16;8007;7;8010;17;7998.7;0.0
0;6100;ROSES;14990;16;14989;15;14987;16;15010;12;15011;6;15013;15;14999.6;-0.0
0;6100;CHOCOLATE;7993;7;7990;18;7988;8;8005;12;8008;18;8010;23;7999.0;0.0
0;6200;ROSES;14990;13;14988;8;14985;5;15010;19;15012;6;15013;19;14999.5;0.0
0;6200;CHOCOLATE;7992;9;7990;12;7988;8;8004;9;8007;13;8010;11;7998.3;-0.0
0;6300;ROSES;14990;18;14987;17;14986;17;15010;13;15011;13;15014;7;14999.6;0.1
0;6300;CHOCOLATE;7992;6;7989;16;7987;21;8004;7;8006;14;8009;19;7998.0;0.1
0;6400;ROSES;14990;19;14988;15;14987;17;15010;20;15013;4;15014;17;14999.5;0.0
0;6400;CHOCOLATE;7992;21;7991;9;7989;6;8004;19;8007;8;8009;15;7998.4;-0.1
0;6500;ROSES;14990;17;14987;17;14986;19;15010;19;15011;8;15012;14;14999.6;-0.0
0;6500;CHOCOLATE;7992;6;7990;25;7988;25;8004;15;8007;7;8010;15;7998.2;0.1
0;6600;ROSES;14990;7;14988;13;14986;5;15010;7;15013;14;15016;12;15000.0;0.1
0;6600;CHOCOLATE;7993;7;7991;14;7990;22;8005;17;8008;25;8011;15;7998.6;-0.1
0;6700;ROSES;14990;16;14987;19;14984;14;15010;3;15013;14;15014;12;15000.1;-0.2
0;6700;CHOCOLATE;7993;9;7991;7;7990;14;8005;8;8006;21;8007;22;7998.7;0.1
0;6800;ROSES;14990;7;14989;15;14986;7;15010;8;15012;8;15015;8;15000.4;-0.3
0;6800;CHOCOLATE;7993;19;7991;24;7988;14;8005;19;8008;12;8009;22;7998.7;-0.0
0;6900;ROSES;14990;17;14988;17;14987;12;15010;15;15012;19;15015;19;15000.5;0.4
0;6900;CHOCOLATE;7993;6;7992;25;7989;20;8005;16;8006;22;8008;8;7998.6;0.1
0;7000;ROSES;14990;11;14989;17;14987;19;15010;7;15011;16;15012;5;15000.4;-0.2
0;7000;CHOCOLATE;7993;6;7991;17;7989;21;8005;16;8006;12;8008;17;7998.8;-0.0
0;7100;ROSES;14991;13;14990;7;14988;7;15011;4;15012;12;15015;18;15000.7;-0.0
0;7100;CHOCOLATE;7993;5;7990;7;7988;5;8005;13;8007;11;8010;9;7998.7;-0.1
0;7200;ROSES;14990;10;14987;12;14985;6;15010;4;15011;10;15013;16;15000.2;-0.1
0;7200;CHOCOLATE;7992;22;7991;5;7990;25;8004;21;8006;23;8009;12;7998.4;-0.2
0;7300;ROSES;14990;16;14989;8;14986;5;15010;19;15012;14;15013;5;15000.2;-0.1
0;7300;CHOCOLATE;7993;20;7990;6;7987;25;8005;17;8006;16;8008;13;7998.8;-0.1
0;7400;ROSES;14990;6;14989;13;14987;7;15010;4;15011;14;15014;20;15000.2;-0.2
0;7400;CHOCOLATE;7993;25;7990;10;7988;9;8005;7;8008;19;8010;6;7998.6;0.2
0;7500;ROSES;14990;19;14989;15;14988;20;15010;18;15012;11;15014;4;15000.2;0.1
0;7500;CHOCOLATE;7993;13;7991;8;7990;16;8005;18;8008;17;8010;19;7998.6;-0.1
0;7600;ROSES;14990;14;14989;19;14987;11;15010;5;15013;16;15015;5;15000.4;-0.1
0;7600;CHOCOLATE;7992;8;7991;7;7988;15;8004;14;8006;14;8008;19;7997.7;0.3
0;7700;ROSES;14990;4;14987;14;14985;16;15010;11;15012;4;15014;5;15000.1;-0.1
0;7700;CHOCOLATE;7992;5;7989;9;7986;24;8004;19;8007;6;8008;9;7997.5;-0.2
0;7800;ROSES;14991;4;14989;7;14987;17;15011;14;15013;14;15016;17;15000.6;0.1
0;7800;CHOCOLATE;7992;25;7989;13;7987;12;8004;8;8006;5;8008;10;7997.6;-0.3
0;7900;ROSES;14990;17;14987;9;14986;12;15010;18;15012;9;15014;6;15000.3;0.0
0;7900;CHOCOLATE;7992;15;7991;16;7988;7;8004;22;8006;22;8007;14;7997.7;0.1
0;8000;ROSES;14991;8;14988;14;14985;19;15011;10;15014;6;15017;9;15000.8;-0.2
0;8000;CHOCOLATE;7992;23;7990;16;7989;19;8004;22;8006;9;8009;24;7997.7;-0.1
0;8100;ROSES;14991;19;14989;16;14986;16;15011;5;15014;7;15016;13;15000.9;-0.0
0;8100;CHOCOLATE;7992;22;7989;25;7986;23;8004;10;8006;9;8007;18;7997.5;-0.2
0;8200;ROSES;14990;8;14989;8;14986;13;15010;10;15011;14;15013;19;15000.3;-0.0
0;8200;CHOCOLATE;7992;13;7990;9;7989;25;8004;14;8007;24;8010;22;7998.0;-0.2
0;8300;ROSES;14991;13;14988;4;14985;3;15011;5;15012;4;15013;11;15000.6;0.2
0;8300;CHOCOLATE;7992;20;7990;25;7987;22;8004;14;8007;25;8008;14;7997.7;-0.3
0;8400;ROSES;14990;5;14987;4;14985;8;15010;17;15012;16;15014;18;15000.1;0.0
0;8400;CHOCOLATE;7991;16;7990;17;7988;9;8003;16;8006;21;8008;22;7997.4;0.0
0;8500;ROSES;14990;7;14989;6;14987;4;15010;12;15012;15;15013;16;15000.2;0.1
0;8500;CHOCOLATE;7991;15;7990;11;7988;10;8003;20;8006;21;8009;19;7997.4;0.4
0;8600;ROSES;14990;17;14989;10;14988;9;15010;14;15012;4;15015;4;15000.0;0.0
0;8600;CHOCOLATE;7991;22;7988;5;7985;8;8003;18;8005;9;8007;13;7997.3;0.3
0;8700;ROSES;14990;20;14988;9;14987;14;15010;20;15012;12;15013;5;14999.9;-0.4
0;8700;CHOCOLATE;7991;24;7988;8;7986;9;8003;8;8006;17;8009;16;7997.1;0.2
0;8800;ROSES;14990;19;14988;15;14987;19;15010;4;15011;4;15014;4;15000.0;-0.2
0;8800;CHOCOLATE;7991;24;7989;21;7986;9;8003;15;8005;24;8006;15;7997.3;0.2
0;8900;ROSES;14990;19;14987;19;14985;20;15010;18;15013;12;15015;18;15000.5;0.6
0;8900;CHOCOLATE;7991;14;7988;25;7987;5;8003;24;8005;20;8008;13;7997.4;-0.2
0;9000;ROSES;14991;4;14988;18;14985;8;15011;19;15012;15;15015;7;15001.0;-0.1
0;9000;CHOCOLATE;7992;5;7989;19;7986;15;8004;18;8005;9;8006;18;7997.5;-0.2
0;9100;ROSES;14991;4;14988;7;14986;19;15011;9;15014;20;15017;13;15000.9;-0.2
0;9100;CHOCOLATE;7992;22;7990;15;7988;22;8004;16;8005;25;8007;13;7997.8;-0.0
0;9200;ROSES;14991;10;14990;12;14988;12;15011;9;15014;18;15016;13;15000.7;-0.1
0;9200;CHOCOLATE;7991;23;7988;22;7986;17;8003;17;8005;16;8006;9;7997.4;0.0
0;9300;ROSES;14991;11;14988;18;14987;9;15011;9;15013;20;15015;11;15000.7;0.2
0;9300;CHOCOLATE;7992;23;7991;12;7990;12;8004;6;8007;21;8010;12;7997.9;-0.1
0;9400;ROSES;14991;6;14989;7;14987;3;15011;20;15014;8;15016;16;15000.6;-0.1
0;9400;CHOCOLATE;7992;14;7990;15;7988;14;8004;25;8007;6;8008;7;7997.5;-0.4
0;9500;ROSES;14990;16;14987;8;14984;4;15010;15;15011;18;15012;8;15000.5;-0.1
0;9500;CHOCOLATE;7992;23;7990;24;7989;8;8004;15;8005;14;8007;19;7998.2;-0.2
0;9600;ROSES;14991;11;14989;9;14988;6;15011;13;15014;8;15016;17;15000.8;-0.0
0;9600;CHOCOLATE;7992;23;7991;11;7988;10;8004;24;8006;25;8008;17;7997.9;-0.3
0;9700;ROSES;14991;8;14990;7;14988;18;15011;13;15014;10;15015;3;15001.0;-0.3
0;9700;CHOCOLATE;7992;23;7990;5;7988;13;8004;25;8006;16;8009;12;7997.9;0.2
0;9800;ROSES;14991;19;14989;12;14988;6;15011;12;15013;14;15016;10;15001.2;0.0
0;9800;CHOCOLATE;7992;16;7991;18;7989;22;8004;20;8007;22;8010;11;7997.9;0.1
0;9900;ROSES;14991;19;14988;14;14987;5;15011;6;15014;4;15016;20;15001.2;-0.4
0;9900;CHOCOLATE;7992;21;7989;19;7988;8;8004;11;8005;23;8007;20;7998.1;-0.1
0;10000;ROSES;14992;16;14991;17;14989;4;15012;20;15013;17;15016;12;15001.5;0.2
0;10000;CHOCOLATE;7992;7;7991;6;7988;18;8004;16;8005;7;8008;22;7998.1;-0.2
0;10100;ROSES;14992;16;14991;8;14989;7;15012;16;15013;14;15015;15;15002.2;-0.0
0;10100;CHOCOLATE;7991;22;7989;9;7987;25;8003;16;8004;8;8007;10;7997.4;0.2
0;10200;ROSES;14992;3;14991;12;14988;17;15012;20;15013;16;15014;20;15002.5;-0.0
0;10200;CHOCOLATE;7991;11;7989;8;7987;6;8003;18;8004;24;8006;5;7997.3;0.1
0;10300;ROSES;14992;4;14989;10;14988;4;15012;15;15014;17;15017;10;15002.5;0.1
0;10300;CHOCOLATE;7991;12;7990;23;7989;15;8003;23;8006;24;8008;15;7996.8;-0.1
0;10400;ROSES;14992;12;14989;11;14986;4;15012;20;15013;8;15015;16;15002.5;0.5
0;10400;CHOCOLATE;7991;21;7989;15;7986;18;8003;18;8006;9;8008;14;7996.7;-0.0
0;10500;ROSES;14992;7;14990;17;14989;4;15012;20;15013;16;15015;16;15002.2;0.3
0;10500;CHOCOLATE;7990;25;7989;7;7987;19;8002;16;8003;7;8005;22;7996.5;-0.0
0;10600;ROSES;14992;4;14990;5;14988;9;15012;20;15015;9;15018;18;15002.2;-0.2
0;10600;CHOCOLATE;7991;8;7989;20;7988;12;8003;24;8004;11;8005;17;7996.7;0.6
0;10700;ROSES;14992;14;14990;12;14988;11;15012;14;15014;19;15017;18;15002.5;-0.2
0;10700;CHOCOLATE;7990;16;7987;15;7985;18;8002;6;8004;23;8005;12;7996.2;0.1
0;10800;ROSES;14992;16;14989;12;14986;7;15012;9;15015;13;15018;10;15002.5;-0.0
0;10800;CHOCOLATE;7990;15;7988;13;7985;20;8002;25;8005;20;8008;19;7995.8;0.4
0;10900;ROSES;14993;18;14992;8;14991;20;15013;4;15016;19;15019;4;15002.7;0.4
0;10900;CHOCOLATE;7990;9;7987;25;7986;12;8002;7;8003;9;8005;5;7995.8;-0.1
0;11000;ROSES;14993;18;14992;18;14989;3;15013;3;15016;20;15019;20;15002.8;0.3
0;11000;CHOCOLATE;7990;5;7987;21;7985;18;8002;10;8005;8;8007;8;7995.8;0.0
0;11100;ROSES;14993;11;14990;15;14987;5;15013;14;15015;15;15017;17;15002.6;-0.0
0;11100;CHOCOLATE;7989;25;7988;25;7986;6;8001;7;8004;17;8005;17;7994.9;-0.3
0;11200;ROSES;14992;5;14989;18;14988;16;15012;13;15015;6;15016;19;15002.3;0.2
0;11200;CHOCOLATE;7989;6;7986;7;7983;13;8001;22;8003;23;8005;6;7995.1;-0.1
0;11300;ROSES;14993;15;14992;5;14991;12;15013;8;15016;10;15017;15;15002.6;0.5
0;11300;CHOCOLATE;7989;7;7987;21;7984;16;8001;6;8002;8;8005;18;7995.0;-0.3
0;11400;ROSES;14993;13;14990;3;14987;11;15013;17;15016;18;15018;10;15002.6;0.1
0;11400;CHOCOLATE;7988;17;7986;7;7985;24;8000;14;8003;12;8006;7;7994.5;0.5
0;11500;ROSES;14993;15;14990;13;14987;14;15013;6;15014;5;15017;3;15002.8;0.1
0;11500;CHOCOLATE;7989;10;7987;18;7986;19;8001;22;8002;22;8003;21;7994.8;-0.1
0;11600;ROSES;14993;13;14991;15;14988;3;15013;12;15014;16;15017;15;15002.7;0.0
0;11600;CHOCOLATE;7989;10;7986;17;7985;10;8001;9;8004;13;8007;14;7994.9;-0.5
0;11700;ROSES;14993;12;14992;18;14990;5;15013;14;15015;11;15017;10;15002.7;0.2
0;11700;CHOCOLATE;7989;9;7986;14;7985;5;8001;17;8003;15;8004;24;7994.8;-0.3
0;11800;ROSES;14992;7;14990;12;14988;13;15012;9;15014;18;15017;13;15002.2;0.4
0;11800;CHOCOLATE;7989;25;7987;20;7985;23;8001;12;8004;15;8007;17;7995.0;0.3
0;11900;ROSES;14992;20;14990;8;14989;20;15012;3;15015;17;15016;9;15002.1;0.5
0;11900;CHOCOLATE;7989;20;7986;9;7985;25;8001;14;8003;12;8006;13;7994.8;0.1
0;12000;ROSES;14992;18;14990;15;14989;20;15012;19;15014;16;15017;20;15001.9;-0.4
0;12000;CHOCOLATE;7990;7;7987;8;7984;12;8002;16;8005;10;8008;25;7995.5;0.2
0;12100;ROSES;14992;13;14989;16;14986;6;15012;3;15015;6;15017;11;15001.6;-0.3
0;12100;CHOCOLATE;7990;12;7987;19;7984;16;8002;17;8005;19;8008;23;7995.6;0.5
0;12200;ROSES;14992;16;14991;5;14989;6;15012;7;15013;14;15015;12;15001.5;-0.2
0;12200;CHOCOLATE;7989;8;7986;19;7984;19;8001;15;8003;7;8005;14;7995.3;0.4
0;12300;ROSES;14992;8;14991;10;14989;19;15012;8;15015;20;15016;8;15002.0;0.1
0;12300;CHOCOLATE;7989;10;7987;10;7986;25;8001;18;8003;17;8006;5;7995.2;0.3
0;12400;ROSES;14992;3;14990;9;14987;9;15012;11;15014;5;15016;6;15001.9;-0.6
0;12400;CHOCOLATE;7989;8;7987;13;7985;20;8001;21;8002;25;8004;15;7995.3;-0.4
0;12500;ROSES;14992;17;14989;8;14988;12;15012;5;15014;7;15016;13;15001.6;-0.2
0;12500;CHOCOLATE;7990;21;7989;17;7987;18;8002;24;8005;9;8006;23;7995.5;0.2
0;12600;ROSES;14992;8;14989;20;14986;8;15012;18;15015;12;15018;7;15001.5;0.1
0;12600;CHOCOLATE;7990;20;7987;9;7986;11;8002;17;8004;22;8005;21;7995.7;0.6
0;12700;ROSES;14991;18;14989;8;14987;5;15011;3;15014;10;15016;12;15001.3;-0.3
0;12700;CHOCOLATE;7990;20;7988;22;7987;21;8002;8;8004;23;8007;8;7995.9;0.0
0;12800;ROSES;14991;17;14989;20;14986;9;15011;16;15012;6;15015;10;15001.2;0.4
0;12800;CHOCOLATE;7990;19;7988;8;7986;12;8002;11;8004;23;8005;16;7995.6;1.2
0;12900;ROSES;14992;9;14990;9;14989;4;15012;14;15015;20;15016;11;15001.5;-0.3
0;12900;CHOCOLATE;7989;13;7986;21;7984;8;8001;9;8003;18;8006;6;7995.4;-0.1
0;13000;ROSES;14992;7;14991;13;14988;10;15012;15;15013;18;15014;7;15002.1;-0.0
0;13000;CHOCOLATE;7989;25;7987;7;7985;17;8001;21;8003;13;8004;16;7995.2;-0.1
0;13100;ROSES;14992;17;14989;14;14988;5;15012;20;15015;15;15016;9;15001.8;0.1
0;13100;CHOCOLATE;7990;15;7988;22;7986;23;8002;9;8004;23;8006;20;7995.7;-0.1
0;13200;ROSES;14992;17;14991;3;14990;6;15012;8;15013;17;15016;17;15001.9;-0.7
0;13200;CHOCOLATE;7990;14;7989;10;7986;13;8002;7;8003;25;8006;16;7996.5;0.0
0;13300;ROSES;14992;12;14989;10;14988;16;15012;5;15013;6;15015;3;15001.9;0.3
0;13300;CHOCOLATE;7990;19;7987;5;7986;5;8002;15;8005;8;8008;18;7996.5;0.1
0;13400;ROSES;14992;6;14991;6;14989;13;15012;14;15013;12;15016;7;15001.8;-0.4
0;13400;CHOCOLATE;7990;7;7989;21;7986;23;8002;5;8005;24;8006;25;7996.1;0.4
0;13500;ROSES;14992;16;14991;17;14988;9;15012;5;15015;6;15016;7;15001.9;0.3
0;13500;CHOCOLATE;7990;9;7988;12;7986;13;8002;25;8004;7;8006;12;7996.1;-0.5
0;13600;ROSES;14992;12;14989;9;14987;19;15012;19;15015;9;15016;15;15001.6;-0.2
0;13600;CHOCOLATE;7990;12;7989;20;7987;25;8002;24;8004;7;8005;21;7996.1;0.1
0;13700;ROSES;14992;16;14990;14;14988;20;15012;8;15013;18;15015;5;15001.6;-0.0
0;13700;CHOCOLATE;7990;17;7988;21;7987;14;8002;25;8003;21;8004;18;7996.2;0.0
0;13800;ROSES;14991;7;14988;11;14985;5;15011;12;15014;5;15017;19;15001.3;0.2
0;13800;CHOCOLATE;7991;23;7990;25;7987;25;8003;25;8005;7;8007;14;7996.9;-0.4
0;13900;ROSES;14991;16;14990;6;14989;17;15011;4;15012;12;15013;8;15001.2;-0.5
0;13900;CHOCOLATE;7991;16;7988;21;7987;21;8003;13;8004;10;8006;16;7997.3;0.4
0;14000;ROSES;14992;13;14990;16;14987;11;15012;19;15013;5;15014;11;15001.5;0.4
0;14000;CHOCOLATE;7991;16;7990;6;7988;20;8003;23;8005;10;8008;16;7997.2;-0.4
0;14100;ROSES;14992;10;14989;19;14986;3;15012;4;15015;3;15016;10;15001.8;0.5
0;14100;CHOCOLATE;7992;25;7991;18;7990;12;8004;15;8005;12;8008;18;7997.5;0.1
0;14200;ROSES;14992;19;14991;4;14988;8;15012;10;15014;19;15015;4;15002.1;-0.2
0;14200;CHOCOLATE;7992;7;7990;22;7988;19;8004;5;8006;16;8008;11;7997.6;-0.0
0;14300;ROSES;14992;14;14989;18;14986;9;15012;20;15013;10;15015;7;15001.9;0.6
0;14300;CHOCOLATE;7992;5;7991;15;7988;5;8004;17;8006;14;8009;8;7997.9;0.0
0;14400;ROSES;14992;11;14990;5;14988;4;15012;10;15013;19;15014;16;15002.2;1.0
0;14400;CHOCOLATE;7992;21;7989;9;7988;25;8004;17;8007;7;8008;23;7997.8;-0.3
0;14500;ROSES;14992;13;14991;15;14990;13;15012;13;15014;17;15016;11;15001.9;-0.2
0;14500;CHOCOLATE;7992;8;7991;10;7988;19;8004;19;8005;15;8006;18;7997.9;0.9
0;14600;ROSES;14992;11;14991;6;14989;5;15012;8;15014;12;15016;4;15002.1;0.2
0;14600;CHOCOLATE;7992;16;7991;17;7990;21;8004;6;8007;14;8008;13;7998.0;0.7
0;14700;ROSES;14992;20;14990;10;14988;6;15012;17;15015;6;15018;7;15002.1;-0.2
0;14700;CHOCOLATE;7992;16;7991;25;7990;25;8004;7;8005;23;8007;23;7998.1;0.1
0;14800;ROSES;14992;17;14991;7;14990;5;15012;13;15013;6;15016;4;15002.1;0.7
0;14800;CHOCOLATE;7992;20;7989;5;7987;17;8004;18;8007;10;8009;16;7998.2;-0.0
0;14900;ROSES;14992;10;14990;12;14988;18;15012;16;15013;20;15014;18;15002.2;0.2
0;14900;CHOCOLATE;7992;21;7991;12;7989;25;8004;22;8005;5;8008;17;7998.4;0.1
0;15000;ROSES;14992;19;14989;13;14987;15;15012;11;15014;8;15017;3;15002.2;-0.3
0;15000;CHOCOLATE;7992;16;7990;23;7989;12;8004;10;8006;8;8009;12;7998.3;0.2
0;15100;ROSES;14992;15;14989;14;14988;8;15012;8;15013;10;15016;13;15002.1;-0.2
0;15100;CHOCOLATE;7992;16;7989;23;7988;23;8004;9;8007;23;8010;11;7998.4;-0.5
0;15200;ROSES;14992;18;14990;4;14987;5;15012;4;15014;10;15015;10;15002.4;-0.6
0;15200;CHOCOLATE;7993;15;7991;10;7988;15;8005;6;8006;5;8007;9;7998.8;0.1
0;15300;ROSES;14992;14;14991;15;14988;6;15012;13;15014;12;15015;13;15001.8;-0.4
0;15300;CHOCOLATE;7993;15;7991;10;7988;22;8005;24;8007;16;8010;12;7998.9;0.2
0;15400;ROSES;14992;12;14990;7;14988;8;15012;3;15015;15;15018;4;15001.5;-0.6
0;15400;CHOCOLATE;7993;8;7990;20;7989;9;8005;15;8008;7;8011;12;7999.0;0.3
0;15500;ROSES;14991;13;14988;17;14987;3;15011;11;15014;9;15017;10;15001.4;0.3
0;15500;CHOCOLATE;7993;17;7992;19;7989;18;8005;10;8006;18;8007;20;7998.9;-0.3
0;15600;ROSES;14992;10;14990;8;14989;17;15012;5;15014;4;15017;12;15001.6;-0.2
0;15600;CHOCOLATE;7993;17;7992;10;7991;7;8005;22;8007;7;8008;15;7999.1;0.0
0;15700;ROSES;14991;8;14989;16;14986;8;15011;4;15012;6;15014;13;15001.2;-0.3
0;15700;CHOCOLATE;7993;22;7990;13;7987;14;8005;14;8008;12;8011;8;7999.2;0.2
0;15800;ROSES;14992;3;14990;16;14989;5;15012;12;15013;18;15015;9;15001.6;0.2
0;15800;CHOCOLATE;7993;8;7990;14;7988;17;8005;20;8006;20;8008;13;7999.4;0.2
0;15900;ROSES;14992;8;14991;17;14989;4;15012;11;15014;17;15016;17;15001.9;0.3
0;15900;CHOCOLATE;7993;8;7990;7;7989;16;8005;22;8006;18;8009;23;7999.3;0.8
0;16000;ROSES;14992;18;14990;10;14987;18;15012;12;15014;5;15017;15;15001.9;0.1
0;16000;CHOCOLATE;7994;24;7991;9;7988;8;8006;19;8009;10;8012;10;7999.7;-0.4
0;16100;ROSES;14992;16;14991;9;14990;7;15012;11;15014;13;15015;5;15002.5;-0.1
0;16100;CHOCOLATE;7994;19;7991;5;7989;24;8006;23;8008;21;8011;18;8000.0;0.3
0;16200;ROSES;14993;6;14990;6;14987;12;15013;20;15016;14;15017;16;15002.6;0.1
0;16200;CHOCOLATE;7994;10;7991;13;7988;17;8006;9;8008;24;8009;24;8000.0;0.6
0;16300;ROSES;14992;4;14990;18;14988;11;15012;14;15015;3;15016;13;15002.5;-0.4
0;16300;CHOCOLATE;7994;8;7992;12;7990;9;8006;14;8009;19;8012;15;8000.1;-0.3
0;16400;ROSES;14992;9;14989;16;14988;18;15012;19;15013;14;15015;4;15002.4;0.4
0;16400;CHOCOLATE;7994;9;7992;21;7989;23;8006;5;8009;10;8011;11;7999.9;-0.0
0;16500;ROSES;14993;4;14992;14;14991;9;15013;11;15014;14;15016;17;15002.6;-0.2
0;16500;CHOCOLATE;7994;16;7993;20;7990;24;8006;19;8007;10;8008;20;7999.5;-0.0
0;16600;ROSES;14992;5;14991;12;14989;3;15012;15;15015;4;15018;8;15002.3;-0.2
0;16600;CHOCOLATE;7994;11;7993;13;7992;25;8006;18;8009;21;8010;5;7999.8;-0.6
0;16700;ROSES;14993;8;14990;3;14989;10;15013;11;15015;12;15016;11;15002.9;-0.8
0;16700;CHOCOLATE;7994;19;7992;14;7990;21;8006;24;8008;17;8009;23;7999.6;0.2
0;16800;ROSES;14993;12;14990;12;14988;6;15013;18;15016;5;15019;13;15003.1;0.3
0;16800;CHOCOLATE;7994;25;7992;14;7990;11;8006;9;8009;21;8012;12;8000.0;-0.0
0;16900;ROSES;14994;7;14991;3;14989;18;15014;12;15017;11;15019;16;15003.6;-0.5
0;16900;CHOCOLATE;7994;15;7991;12;7988;22;8006;25;8009;20;8010;16;7999.6;0.4
0;17000;ROSES;14993;6;14990;18;14987;7;15013;11;15014;20;15016;8;15003.0;-0.0
0;17000;CHOCOLATE;7994;12;7991;14;7990;18;8006;15;8007;16;8009;13;8000.2;-0.3
0;17100;ROSES;14993;5;14992;18;14990;9;15013;19;15014;6;15017;15;15002.7;-0.2
0;17100;CHOCOLATE;7994;18;7993;23;7992;19;8006;9;8007;15;8009;10;7999.9;-0.1
0;17200;ROSES;14993;4;14990;3;14989;17;15013;11;15015;9;15018;8;15002.8;-0.5
0;17200;CHOCOLATE;7994;25;7993;18;7992;17;8006;18;8009;20;8011;17;7999.7;-0.1
0;17300;ROSES;14993;19;14990;9;14988;3;15013;3;15014;10;15016;10;15003.1;0.0
0;17300;CHOCOLATE;7994;23;7993;14;7992;10;8006;7;8008;6;8011;14;7999.6;-0.4
0;17400;ROSES;14994;16;14991;7;14988;13;15014;18;15017;14;15019;9;15003.5;-0.2
0;17400;CHOCOLATE;7994;9;7992;11;7991;5;8006;23;8007;21;8008;10;8000.0;0.8
0;17500;ROSES;14994;20;14993;4;14991;4;15014;6;15017;3;15019;4;15003.8;0.5
0;17500;CHOCOLATE;7994;20;7992;9;7991;11;8006;25;8009;5;8011;14;7999.8;-0.4
0;17600;ROSES;14994;7;14991;16;14989;6;15014;19;15017;6;15020;12;15003.7;0.1
0;17600;CHOCOLATE;7994;21;7993;11;7990;16;8006;18;8007;14;8009;10;8000.0;0.1
0;17700;ROSES;14994;10;14993;3;14990;3;15014;5;15016;6;15018;18;15004.0;0.1
0;17700;CHOCOLATE;7994;8;7991;13;7990;25;8006;12;8009;19;8012;14;8000.0;0.2
0;17800;ROSES;14994;13;14993;16;14992;6;15014;6;15016;4;15018;3;15004.0;0.1
0;17800;CHOCOLATE;7994;24;7993;13;7991;7;8006;16;8008;15;8010;10;8000.3;-0.5
0;17900;ROSES;14994;18;14992;16;14990;8;15014;6;15016;7;15019;4;15004.2;0.3
0;17900;CHOCOLATE;7995;23;7994;19;7992;10;8007;24;8010;17;8012;16;8000.9;-0.1
0;18000;ROSES;14994;6;14991;16;14990;17;15014;4;15016;5;15018;11;15003.8;-0.6
0;18000;CHOCOLATE;7995;23;7992;12;7989;15;8007;21;8010;21;8013;24;8000.8;-0.1
0;18100;ROSES;14994;15;14993;7;14991;20;15014;4;15016;3;15019;8;15004.1;0.4
0;18100;CHOCOLATE;7994;15;7992;12;7991;15;8006;13;8007;6;8009;21;8000.5;-0.0
0;18200;ROSES;14994;17;14992;17;14991;5;15014;18;15015;17;15017;13;15004.2;0.6
0;18200;CHOCOLATE;7995;18;7992;6;7991;22;8007;22;8008;5;8010;7;8000.8;0.4
0;18300;ROSES;14994;9;14991;17;14989;13;15014;14;15017;4;15020;10;15004.4;-1.1
0;18300;CHOCOLATE;7995;16;7992;19;7989;8;8007;8;8009;12;8012;5;8000.9;-0.3
0;18400;ROSES;14994;6;14992;4;14989;8;15014;18;15017;7;15019;16;15004.1;0.7
0;18400;CHOCOLATE;7995;19;7994;11;7993;15;8007;8;8009;18;8010;6;8001.2;0.4
0;18500;ROSES;14995;19;14992;7;14991;18;15015;3;15017;19;15019;4;15004.6;-0.4
0;18500;CHOCOLATE;7995;23;7992;10;7990;9;8007;8;8010;17;8011;24;8000.9;-0.2
0;18600;ROSES;14994;10;14992;11;14990;15;15014;13;15017;12;15020;17;15004.4;-0.3
0;18600;CHOCOLATE;7995;14;7992;22;7989;15;8007;22;8010;25;8013;11;8001.0;-0.2
0;18700;ROSES;14994;7;14992;8;14989;19;15014;20;15016;13;15019;6;15004.5;0.6
0;18700;CHOCOLATE;7995;18;7992;22;7989;14;8007;18;8010;5;8013;21;8001.0;-0.6
0;18800;ROSES;14995;11;14994;8;14991;12;15015;11;15016;7;15017;4;15004.8;0.3
0;18800;CHOCOLATE;7995;8;7992;24;7991;22;8007;12;8009;25;8011;22;8000.9;-0.4
0;18900;ROSES;14994;4;14991;15;14989;15;15014;16;15017;13;15020;20;15004.5;0.4
0;18900;CHOCOLATE;7995;25;7994;25;7991;16;8007;23;8009;22;8010;24;8001.4;0.3
0;19000;ROSES;14995;5;14994;8;14992;8;15015;19;15017;6;15018;15;15004.7;0.7
0;19000;CHOCOLATE;7996;13;7994;5;7993;15;8008;19;8009;9;8012;6;8001.6;0.1
0;19100;ROSES;14995;12;14994;18;14991;20;15015;14;15018;5;15021;13;15004.8;0.3
0;19100;CHOCOLATE;7995;18;7992;22;7991;22;8007;17;8010;7;8011;16;8000.9;-0.2
0;19200;ROSES;14995;9;14993;19;14991;18;15015;20;15017;3;15019;6;15004.8;0.3
0;19200;CHOCOLATE;7995;6;7992;15;7989;17;8007;8;8010;17;8011;13;8000.7;-0.5
0;19300;ROSES;14995;17;14992;18;14990;4;15015;12;15018;9;15021;13;15004.6;-0.1
0;19300;CHOCOLATE;7994;25;7993;7;7990;11;8006;25;8009;11;8010;18;8000.0;-0.1
0;19400;ROSES;14995;5;14992;7;14989;3;15015;17;15017;13;15020;4;15004.7;-0.3
0;19400;CHOCOLATE;7994;12;7992;13;7989;18;8006;17;8007;19;8010;25;8000.1;0.1
0;19500;ROSES;14994;3;14992;5;14989;4;15014;5;15015;14;15018;19;15004.5;0.2
0;19500;CHOCOLATE;7994;19;7992;17;7989;17;8006;5;8007;20;8009;10;8000.5;0.5
0;19600;ROSES;14994;7;14992;12;14989;14;15014;3;15016;20;15019;20;15004.3;-0.1
0;19600;CHOCOLATE;7995;22;7992;7;7989;14;8007;11;8009;16;8012;11;8000.6;0.1
0;19700;ROSES;14994;10;14991;11;14990;9;15014;6;15015;8;15016;4;15004.0;0.4
0;19700;CHOCOLATE;7995;7;7992;14;7990;7;8007;13;8010;8;8013;11;8001.0;-0.9
0;19800;ROSES;14994;10;14992;6;14990;12;15014;5;15015;9;15018;13;15003.9;-0.6
0;19800;CHOCOLATE;7995;9;7992;23;7990;23;8007;16;8010;15;8013;18;8000.7;0.0
0;19900;ROSES;14994;16;14993;11;14990;14;15014;7;15017;13;15020;18;15004.0;0.4
0;19900;CHOCOLATE;7994;10;7992;25;7990;24;8006;7;8009;13;8010;9;8000.4;0.1
0;20000;ROSES;14994;5;14991;3;14988;19;15014;3;15015;15;15018;9;15004.2;-0.2
0;20000;CHOCOLATE;7995;9;7992;16;7989;17;8007;12;8009;23;8012;14;8000.7;-0.4
0;20100;ROSES;14994;3;14993;10;14991;8;15014;19;15016;7;15019;17;15004.4;0.4
0;20100;CHOCOLATE;7995;20;7992;16;7989;6;8007;12;8008;20;8011;12;8001.0;0.5
0;20200;ROSES;14995;14;14994;15;14991;18;15015;17;15016;4;15019;4;15004.7;0.2
0;20200;CHOCOLATE;7995;13;7992;23;7989;22;8007;23;8010;10;8012;17;8001.2;-0.1
0;20300;ROSES;14994;15;14991;10;14990;19;15014;15;15017;14;15019;14;15004.5;-0.4
0;20300;CHOCOLATE;7995;19;7992;10;7991;12;8007;7;8010;21;8011;25;8000.9;0.0
0;20400;ROSES;14994;6;14993;10;14991;16;15014;13;15017;6;15020;18;15004.5;0.3
0;20400;CHOCOLATE;7995;5;7992;12;7991;6;8007;9;8010;23;8012;23;8000.7;-0.5
0;20500;ROSES;14995;8;14994;11;14991;8;15015;19;15016;15;15017;3;15004.7;0.6
0;20500;CHOCOLATE;7995;24;7993;20;7992;20;8007;10;8008;12;8010;18;8001.1;-0.6
0;20600;ROSES;14994;11;14993;8;14990;13;15014;17;15017;5;15020;10;15004.3;-0.5
0;20600;CHOCOLATE;7995;18;7994;9;7993;24;8007;8;8010;10;8013;20;8001.0;0.2
0;20700;ROSES;14995;18;14992;7;14989;20;15015;3;15016;16;15017;19;15004.6;-0.4
0;20700;CHOCOLATE;7994;20;7991;17;7988;16;8006;23;8008;23;8009;8;8000.4;0.5
0;20800;ROSES;14994;20;14993;16;14992;11;15014;9;15016;3;15019;3;15004.4;0.2
0;20800;CHOCOLATE;7994;15;7993;18;7991;16;8006;8;8009;9;8010;18;8000.3;-0.1
0;20900;ROSES;14994;11;14991;15;14989;9;15014;16;15017;20;15019;20;15004.3;-0.3
0;20900;CHOCOLATE;7994;23;7991;16;7989;17;8006;9;8008;8;8010;12;8000.0;0.1
0;21000;ROSES;14994;15;14993;13;14992;20;15014;4;15015;8;15018;15;15003.9;0.3
0;21000;CHOCOLATE;7994;18;7993;7;7992;7;8006;13;8008;12;8011;16;8000.0;-0.0
0;21100;ROSES;14994;19;14992;12;14990;4;15014;8;15017;18;15020;17;15003.9;0.1
0;21100;CHOCOLATE;7995;24;7992;21;7990;21;8007;12;8008;24;8009;10;8000.6;0.1
0;21200;ROSES;14994;11;14991;15;14990;14;15014;15;15015;15;15016;9;15003.8;-0.4
0;21200;CHOCOLATE;7994;22;7993;23;7992;16;8006;16;8009;13;8011;12;8000.1;-0.1
0;21300;ROSES;14994;8;14992;16;14989;19;15014;6;15015;20;15017;5;15003.6;-0.2
0;21300;CHOCOLATE;7994;23;7993;13;7990;19;8006;17;8008;23;8011;20;7999.9;-0.0
0;21400;ROSES;14994;3;14992;18;14989;6;15014;11;15016;5;15019;15;15003.7;-0.9
0;21400;CHOCOLATE;7993;18;7990;16;7987;21;8005;22;8006;5;8008;13;7999.2;-1.3
0;21500;ROSES;14994;20;14991;8;14988;18;15014;13;15016;14;15017;9;15003.7;0.2
0;21500;CHOCOLATE;7993;11;7990;12;7987;12;8005;13;8006;11;8008;12;7999.4;-0.3
0;21600;ROSES;14994;6;14991;5;14989;18;15014;3;15015;20;15016;4;15003.8;0.4
0;21600;CHOCOLATE;7994;20;7992;10;7990;21;8006;13;8009;17;8011;12;7999.6;-0.4
0;21700;ROSES;14994;4;14991;19;14989;14;15014;15;15016;8;15019;17;15003.8;-0.3
0;21700;CHOCOLATE;7994;5;7992;11;7990;17;8006;23;8009;8;8010;15;8000.0;-0.1
0;21800;ROSES;14993;11;14992;18;14989;13;15013;14;15015;8;15016;18;15003.4;0.8
0;21800;CHOCOLATE;7994;19;7992;10;7990;23;8006;9;8008;23;8010;12;7999.7;0.3
0;21900;ROSES;14994;9;14993;7;14990;7;15014;18;15016;3;15018;8;15003.6;-0.8
0;21900;CHOCOLATE;7994;15;7991;20;7988;14;8006;13;8009;22;8012;23;7999.6;0.1
0;22000;ROSES;14994;18;14993;6;14992;17;15014;13;15015;11;15017;14;15003.7;0.1
0;22000;CHOCOLATE;7993;8;7991;16;7989;24;8005;11;8006;23;8008;23;7999.4;0.5
0;22100;ROSES;14994;19;14992;18;14990;17;15014;5;15016;15;15019;12;15003.5;-0.6
0;22100;CHOCOLATE;7993;25;7992;24;7989;23;8005;17;8007;7;8009;7;7998.6;0.3
0;22200;ROSES;14994;11;14992;15;14989;11;15014;17;15016;14;15019;19;15003.6;0.3
0;22200;CHOCOLATE;7993;12;7992;13;7991;7;8005;11;8006;10;8009;17;7998.9;-0.1
0;22300;ROSES;14994;15;14992;19;14989;5;15014;6;15015;11;15016;7;15003.7;0.1
0;22300;CHOCOLATE;7994;14;7992;19;7990;25;8006;9;8007;9;8008;21;7999.5;0.7
0;22400;ROSES;14994;17;14991;20;14989;11;15014;20;15016;17;15018;7;15003.7;-0.1
0;22400;CHOCOLATE;7994;25;7993;25;7990;23;8006;18;8009;21;8011;25;8000.0;-0.2
0;22500;ROSES;14994;5;14992;17;14990;12;15014;14;15017;16;15018;11;15003.6;-0.4
0;22500;CHOCOLATE;7994;20;7991;22;7990;5;8006;20;8008;20;8010;14;8000.0;0.1
0;22600;ROSES;14994;20;14992;14;14989;9;15014;16;15015;20;15016;16;15003.9;0.0
0;22600;CHOCOLATE;7994;12;7991;13;7988;7;8006;18;8008;25;8010;12;7999.9;0.2
0;22700;ROSES;14993;12;14990;20;14987;11;15013;16;15016;9;15018;5;15003.3;-0.1
0;22700;CHOCOLATE;7994;13;7991;24;7989;20;8006;11;8009;15;8011;5;8000.0;0.4
0;22800;ROSES;14994;11;14993;7;14992;17;15014;3;15015;10;15017;5;15003.8;1.2
0;22800;CHOCOLATE;7994;16;7992;19;7990;6;8006;15;8008;7;8010;9;8000.2;0.5
0;22900;ROSES;14994;9;14993;11;14990;15;15014;3;15016;6;15017;10;15004.3;0.3
0;22900;CHOCOLATE;7994;19;7993;8;7990;21;8006;11;8007;20;8008;17;7999.6;1.0
0;23000;ROSES;14994;4;14992;20;14991;19;15014;6;15017;11;15020;18;15004.2;-0.5
0;23000;CHOCOLATE;7993;12;7992;25;7989;18;8005;15;8006;5;8007;10;7999.4;-0.3
0;23100;ROSES;14994;18;14992;7;14991;14;15014;5;15015;10;15016;8;15004.3;-0.7
0;23100;CHOCOLATE;7993;16;7991;25;7988;9;8005;22;8006;8;8007;9;7999.0;0.0
0;23200;ROSES;14994;9;14991;3;14988;15;15014;14;15016;7;15018;11;15004.0;0.0
0;23200;CHOCOLATE;7993;20;7991;11;7988;23;8005;10;8007;22;8010;16;7999.3;-0.4
0;23300;ROSES;14994;19;14991;7;14988;17;15014;12;15015;11;15016;20;15003.9;0.6
0;23300;CHOCOLATE;7993;10;7990;5;7987;24;8005;16;8007;24;8010;12;7999.2;0.0
0;23400;ROSES;14994;18;14991;20;14989;7;15014;12;15015;13;15018;16;15003.8;0.2
0;23400;CHOCOLATE;7993;9;7990;10;7987;6;8005;11;8006;8;8007;20;7999.2;-0.2
0;23500;ROSES;14994;19;14991;11;14989;4;15014;14;15017;10;15019;5;15003.9;0.1
0;23500;CHOCOLATE;7994;25;7991;6;7989;16;8006;22;8007;18;8009;16;7999.8;0.1
0;23600;ROSES;14994;5;14991;12;14989;5;15014;9;15017;19;15018;6;15003.9;-0.2
0;23600;CHOCOLATE;7994;12;7992;23;7991;25;8006;10;8007;22;8010;22;8000.0;0.3
0;23700;ROSES;14994;17;14991;16;14988;6;15014;8;15016;8;15019;20;15003.8;0.1
0;23700;CHOCOLATE;7994;16;7993;15;7990;22;8006;15;8009;16;8011;18;7999.8;0.3
0;23800;ROSES;14994;20;14991;9;14989;15;15014;20;15017;11;15018;14;15003.8;-0.6
0;23800;CHOCOLATE;7994;14;7992;24;7991;5;8006;21;8009;9;8010;14;8000.1;-0.2
0;23900;ROSES;14995;11;14994;20;14992;19;15015;20;15016;7;15019;6;15004.7;0.1
0;23900;CHOCOLATE;7994;12;7993;12;7991;13;8006;14;8008;7;8011;23;8000.4;0.1
0;24000;ROSES;14994;18;14991;8;14990;18;15014;6;15017;12;15019;4;15004.1;0.8
0;24000;CHOCOLATE;7994;18;7993;18;7992;8;8006;12;8008;25;8010;24;8000.3;-0.8
0;24100;ROSES;14994;19;14991;4;14989;13;15014;20;15015;7;15017;13;15004.5;-0.4
0;24100;CHOCOLATE;7994;19;7993;24;7990;23;8006;21;8009;7;8011;12;8000.1;-0.0
0;24200;ROSES;14994;18;14993;4;14992;20;15014;15;15016;11;15017;5;15004.0;0.4
0;24200;CHOCOLATE;7994;22;7991;11;7990;20;8006;17;8007;25;8009;23;7999.9;0.4
0;24300;ROSES;14994;5;14991;11;14988;16;15014;13;15015;5;15016;6;15004.2;0.8
0;24300;CHOCOLATE;7994;24;7992;25;7991;5;8006;14;8008;10;8010;16;7999.7;-0.6
0;24400;ROSES;14994;4;14992;10;14989;9;15014;14;15015;7;15017;5;15003.5;-1.2
0;24400;CHOCOLATE;7994;15;7991;8;7990;14;8006;19;8008;20;8009;5;7999.8;0.1
0;24500;ROSES;14993;11;14992;20;14991;18;15013;7;15016;3;15019;15;15003.2;0.9
0;24500;CHOCOLATE;7993;14;7992;11;7990;24;8005;13;8006;6;8007;19;7999.4;-0.5
0;24600;ROSES;14993;14;14991;6;14988;3;15013;12;15015;15;15018;10;15003.2;-0.1
0;24600;CHOCOLATE;7994;24;7991;22;7990;7;8006;10;8008;11;8010;21;7999.8;-0.1
0;24700;ROSES;14994;19;14991;12;14990;13;15014;18;15015;15;15016;8;15003.6;-0.2
0;24700;CHOCOLATE;7994;21;7992;13;7989;6;8006;25;8008;13;8009;17;8000.2;0.1
0;24800;ROSES;14994;7;14993;13;14990;15;15014;7;15016;5;15017;15;15004.0;-0.7
0;24800;CHOCOLATE;7994;12;7991;23;7988;9;8006;18;8007;14;8009;24;7999.8;-0.1
0;24900;ROSES;14994;20;14993;9;14990;7;15014;12;15015;19;15018;7;15003.8;0.7
0;24900;CHOCOLATE;7993;15;7992;7;7989;22;8005;22;8008;8;8009;10;7999.2;0.6
0;25000;ROSES;14994;16;14991;12;14990;17;15014;11;15016;7;15018;9;15003.6;1.2
0;25000;CHOCOLATE;7993;23;7990;24;7987;12;8005;24;8007;12;8010;12;7999.3;0.2
0;25100;ROSES;14994;18;14991;14;14989;8;15014;15;15015;18;15018;18;15003.5;-0.5
0;25100;CHOCOLATE;7993;18;7992;12;7990;11;8005;11;8006;7;8008;10;7999.4;0.3
0;25200;ROSES;14994;17;14991;10;14989;16;15014;15;15017;4;15019;15;15004.3;-0.8
0;25200;CHOCOLATE;7993;21;7990;25;7987;6;8005;21;8008;8;8011;19;7999.4;-0.6
0;25300;ROSES;14994;4;14993;20;14990;15;15014;19;15017;4;15019;9;15003.7;0.3
0;25300;CHOCOLATE;7993;18;7991;14;7989;24;8005;6;8007;21;8008;9;7999.3;0.6
0;25400;ROSES;14993;8;14992;20;14989;7;15013;15;15016;16;15017;13;15003.2;0.2
0;25400;CHOCOLATE;7993;7;7990;13;7987;15;8005;25;8006;10;8008;8;7999.1;0.1
0;25500;ROSES;14994;15;14991;19;14989;8;15014;15;15015;20;15018;15;15003.6;0.5
0;25500;CHOCOLATE;7993;10;7991;9;7988;10;8005;6;8008;18;8009;14;7999.3;0.1
0;25600;ROSES;14993;6;14991;7;14989;9;15013;3;15016;11;15017;3;15003.4;1.0
0;25600;CHOCOLATE;7993;12;7990;11;7989;23;8005;20;8008;19;8010;18;7998.7;0.3
0;25700;ROSES;14993;20;14992;9;14991;4;15013;8;15016;7;15018;4;15003.1;0.3
0;25700;CHOCOLATE;7993;14;7992;15;7989;7;8005;6;8008;8;8011;18;7998.7;-0.1
0;25800;ROSES;14993;20;14991;8;14988;17;15013;14;15016;4;15019;5;15003.2;-0.0
0;25800;CHOCOLATE;7993;7;7991;14;7990;20;8005;9;8007;8;8010;13;7998.7;-0.6
0;25900;ROSES;14993;4;14992;6;14989;19;15013;5;15014;18;15017;12;15003.1;0.6
0;25900;CHOCOLATE;7992;16;7990;9;7987;24;8004;23;8007;20;8010;21;7998.2;0.6
0;26000;ROSES;14993;12;14992;9;14989;3;15013;6;15014;3;15017;17;15003.1;-0.8
0;26000;CHOCOLATE;7992;6;7991;15;7988;16;8004;22;8006;25;8008;11;7998.1;-0.2
0;26100;ROSES;14993;12;14991;19;14989;20;15013;13;15014;3;15016;6;15003.3;0.0
0;26100;CHOCOLATE;7992;10;7989;11;7986;15;8004;15;8007;20;8008;20;7998.0;-0.5
0;26200;ROSES;14993;20;14991;13;14990;17;15013;16;15016;4;15018;19;15003.4;-0.9
0;26200;CHOCOLATE;7992;11;7990;23;7987;15;8004;16;8007;7;8008;9;7997.8;1.0
0;26300;ROSES;14993;15;14991;8;14988;6;15013;12;15016;13;15017;4;15003.4;0.2
0;26300;CHOCOLATE;7992;11;7991;21;7989;14;8004;10;8006;8;8008;16;7997.8;0.3
0;26400;ROSES;14994;18;14993;19;14991;7;15014;9;15017;13;15018;18;15003.5;-1.1
0;26400;CHOCOLATE;7992;9;7990;11;7989;6;8004;19;8005;17;8008;21;7997.8;-0.8
0;26500;ROSES;14994;13;14993;17;14990;4;15014;6;15017;19;15018;12;15003.7;0.4
0;26500;CHOCOLATE;7992;11;7989;14;7988;13;8004;22;8006;15;8007;19;7998.3;0.2
0;26600;ROSES;14994;20;14993;19;14991;6;15014;9;15015;20;15016;14;15003.6;-0.5
0;26600;CHOCOLATE;7992;10;7989;7;7987;14;8004;24;8007;15;8008;22;7998.1;-0.2
0;26700;ROSES;14993;15;14991;4;14988;5;15013;16;15014;15;15015;8;15003.4;0.1
0;26700;CHOCOLATE;7992;24;7989;16;7986;14;8004;15;8007;11;8009;22;7997.9;-1.3
0;26800;ROSES;14994;17;14992;6;14989;17;15014;12;15015;17;15016;18;15004.0;0.7
0;26800;CHOCOLATE;7992;10;7989;15;7987;15;8004;19;8006;20;8008;5;7997.9;0.5
0;26900;ROSES;14994;14;14992;7;14990;19;15014;6;15015;15;15017;6;15004.1;0.1
0;26900;CHOCOLATE;7992;23;7990;18;7987;12;8004;24;8006;12;8008;22;7997.7;0.9
0;27000;ROSES;14994;16;14993;16;14991;13;15014;20;15015;10;15018;8;15004.3;0.7
0;27000;CHOCOLATE;7992;23;7989;24;7986;19;8004;15;8006;22;8007;8;7997.6;-0.2
0;27100;ROSES;14994;15;14992;13;14991;18;15014;4;15017;5;15018;9;15004.4;-0.4
0;27100;CHOCOLATE;7992;9;7989;19;7988;22;8004;14;8005;17;8008;24;7997.9;-1.3
0;27200;ROSES;14994;12;14991;16;14989;14;15014;5;15016;3;15019;19;15004.2;-0.2
0;27200;CHOCOLATE;7992;6;7990;5;7989;22;8004;16;8006;8;8009;14;7997.8;0.2
0;27300;ROSES;14994;13;14991;15;14988;15;15014;15;15016;16;15019;20;15004.4;-0.4
0;27300;CHOCOLATE;7992;16;7991;18;7990;9;8004;14;8007;9;8009;9;7997.8;0.4
0;27400;ROSES;14995;16;14994;7;14991;5;15015;7;15017;16;15020;17;15004.8;0.1
0;27400;CHOCOLATE;7992;21;7990;18;7987;22;8004;19;8005;17;8007;16;7998.2;-0.7
0;27500;ROSES;14995;10;14994;19;14991;11;15015;16;15017;20;15020;14;15004.9;0.7
0;27500;CHOCOLATE;7992;23;7990;20;7987;7;8004;9;8006;21;8007;13;7998.3;0.0
0;27600;ROSES;14995;5;14992;20;14991;12;15015;4;15016;13;15018;20;15004.7;0.1
0;27600;CHOCOLATE;7992;15;7989;18;7987;16;8004;14;8007;14;8010;10;7998.3;-0.8
0;27700;ROSES;14995;11;14992;4;14990;18;15015;8;15018;4;15021;12;15005.4;0.3
0;27700;CHOCOLATE;7992;21;7990;7;7988;13;8004;13;8005;9;8006;24;7998.5;-0.9
0;27800;ROSES;14995;8;14994;7;14991;17;15015;14;15016;8;15019;11;15005.3;1.3
0;27800;CHOCOLATE;7992;7;7991;9;7988;24;8004;9;8005;20;8007;18;7998.5;-0.5
0;27900;ROSES;14995;9;14993;14;14990;4;15015;11;15018;6;15019;4;15005.3;-0.5
0;27900;CHOCOLATE;7993;12;7991;17;7989;17;8005;20;8008;13;8011;9;7998.7;0.6
0;28000;ROSES;14995;13;14993;19;14991;4;15015;6;15017;20;15020;14;15005.0;-0.1
0;28000;CHOCOLATE;7993;13;7990;8;7988;13;8005;25;8007;23;8009;17;7999.0;-0.2
0;28100;ROSES;14995;9;14994;19;14991;13;15015;8;15018;13;15021;20;15004.6;0.3
0;28100;CHOCOLATE;7993;21;7992;8;7991;19;8005;16;8007;12;8008;14;7999.0;0.0
0;28200;ROSES;14995;9;14992;6;14991;6;15015;5;15016;7;15019;15;15004.6;0.2
0;28200;CHOCOLATE;7993;10;7990;13;7989;14;8005;19;8006;7;8009;25;7998.7;-1.3
0;28300;ROSES;14994;11;14992;8;14989;5;15014;11;15017;4;15019;15;15003.6;0.7
0;28300;CHOCOLATE;7992;7;7990;20;7988;11;8004;24;8005;17;8007;10;7997.9;1.5
0;28400;ROSES;14994;6;14991;17;14989;11;15014;6;15015;4;15018;5;15003.5;-0.3
0;28400;CHOCOLATE;7992;25;7990;25;7989;5;8004;6;8006;17;8007;13;7998.3;0.5
0;28500;ROSES;14994;18;14992;18;14989;16;15014;15;15015;5;15018;20;15003.7;0.5
0;28500;CHOCOLATE;7992;22;7989;16;7987;15;8004;14;8005;17;8008;6;7998.4;0.7
0;28600;ROSES;14993;5;14992;17;14990;12;15013;9;15016;8;15018;20;15003.2;-1.3
0;28600;CHOCOLATE;7993;8;7992;25;7990;16;8005;20;8008;7;8010;25;7998.7;0.2
0;28700;ROSES;14993;10;14992;18;14991;15;15013;5;15014;20;15017;12;15003.0;0.2
0;28700;CHOCOLATE;7992;6;7990;15;7989;6;8004;17;8005;8;8007;11;7997.9;0.0
0;28800;ROSES;14993;10;14991;5;14988;4;15013;7;15016;18;15017;3;15003.2;-1.0
0;28800;CHOCOLATE;7991;9;7990;5;7989;10;8003;25;8006;6;8009;14;7997.2;0.3
0;28900;ROSES;14993;6;14990;6;14989;18;15013;10;15016;5;15017;9;15003.2;-0.3
0;28900;CHOCOLATE;7991;8;7988;23;7985;22;8003;9;8005;15;8007;11;7996.7;0.6
0;29000;ROSES;14993;7;14991;16;14990;8;15013;14;15014;20;15016;8;15003.3;-1.0
0;29000;CHOCOLATE;7990;24;7989;17;7988;10;8002;5;8003;20;8006;7;7996.1;0.6
0;29100;ROSES;14993;12;14992;16;14989;18;15013;7;15016;9;15019;7;15003.4;0.0
0;29100;CHOCOLATE;7990;6;7988;24;7987;10;8002;20;8003;24;8006;7;7995.9;-0.7
0;29200;ROSES;14993;10;14991;9;14989;6;15013;19;15014;6;15017;14;15003.1;-0.9
0;29200;CHOCOLATE;7990;11;7987;13;7986;6;8002;11;8004;8;8007;9;7996.4;-1.6
0;29300;ROSES;14993;4;14991;4;14989;14;15013;12;15014;9;15015;16;15002.8;-1.8
0;29300;CHOCOLATE;7990;6;7988;22;7987;10;8002;10;8003;5;8006;20;7996.4;1.0
0;29400;ROSES;14993;13;14992;16;14989;9;15013;13;15015;10;15018;6;15002.7;-0.0
0;29400;CHOCOLATE;7990;12;7987;7;7985;20;8002;23;8003;20;8005;6;7996.4;0.3
0;29500;ROSES;14993;14;14990;7;14988;17;15013;9;15014;14;15016;11;15002.8;-0.3
0;29500;CHOCOLATE;7990;9;7987;8;7984;19;8002;19;8003;18;8005;10;7996.4;0.4
0;29600;ROSES;14993;8;14991;20;14988;10;15013;5;15014;16;15017;19;15002.8;-0.5
0;29600;CHOCOLATE;7989;5;7986;18;7984;12;8001;12;8003;15;8005;18;7995.4;0.2
0;29700;ROSES;14992;16;14989;4;14988;4;15012;18;15015;19;15016;4;15002.2;-0.7
0;29700;CHOCOLATE;7989;12;7986;7;7985;22;8001;5;8003;18;8005;11;7995.2;0.3
0;29800;ROSES;14992;12;14989;8;14988;17;15012;3;15013;17;15015;17;15002.4;0.5
0;29800;CHOCOLATE;7989;19;7987;25;7986;5;8001;25;8003;7;8006;17;7995.2;-1.5
0;29900;ROSES;14993;20;14992;9;14990;5;15013;13;15015;4;15017;19;15002.6;-0.4
0;29900;CHOCOLATE;7990;19;7989;24;7988;6;8002;16;8004;16;8006;10;7995.7;-0.4
0;30000;ROSES;14992;13;14989;10;14986;20;15012;6;15013;18;15014;9;15002.3;-0.9
0;30000;CHOCOLATE;7990;18;7988;13;7986;6;8002;7;8004;16;8007;16;7995.7;-1.3
0;30100;ROSES;14992;20;14991;12;14989;17;15012;14;15015;5;15018;9;15002.0;0.3
0;30100;CHOCOLATE;7990;7;7989;8;7987;10;8002;13;8003;8;8005;9;7995.9;-0.5
0;30200;ROSES;14991;16;14988;20;14985;7;15011;18;15012;14;15014;16;15001.4;0.0
0;30200;CHOCOLATE;7990;12;7988;21;7987;25;8002;15;8003;18;8004;23;7995.5;0.4
0;30300;ROSES;14991;19;14989;20;14987;17;15011;17;15014;12;15017;7;15001.2;0.9
0;30300;CHOCOLATE;7990;14;7988;6;7987;9;8002;16;8004;14;8006;19;7995.7;-0.4
0;30400;ROSES;14992;8;14991;8;14988;7;15012;8;15015;10;15017;6;15001.6;-0.3
0;30400;CHOCOLATE;7990;10;7989;11;7987;22;8002;6;8004;15;8006;16;7996.0;0.2
0;30500;ROSES;14992;3;14991;15;14988;18;15012;7;15014;17;15015;13;15001.7;0.7
0;30500;CHOCOLATE;7990;14;7987;20;7984;14;8002;23;8004;9;8007;23;7996.4;1.7
0;30600;ROSES;14992;18;14990;4;14987;7;15012;20;15013;6;15016;12;15001.7;-1.7
0;30600;CHOCOLATE;7991;15;7990;6;7988;24;8003;25;8005;11;8006;23;7996.8;0.2
0;30700;ROSES;14991;20;14989;17;14988;5;15011;19;15012;15;15013;9;15001.1;-0.2
0;30700;CHOCOLATE;7990;17;7987;9;7986;18;8002;16;8005;17;8007;16;7996.4;0.1
0;30800;ROSES;14991;9;14989;17;14987;16;15011;17;15014;12;15015;8;15001.4;0.1
0;30800;CHOCOLATE;7991;23;7989;24;7986;7;8003;9;8005;11;8006;14;7996.7;-1.9
0;30900;ROSES;14991;5;14989;3;14988;16;15011;11;15014;16;15016;8;15000.8;0.2
0;30900;CHOCOLATE;7990;14;7989;22;7988;20;8002;6;8003;14;8005;23;7996.3;-0.4
0;31000;ROSES;14991;7;14989;11;14988;12;15011;18;15012;6;15013;12;15000.7;0.9
0;31000;CHOCOLATE;7990;8;7987;13;7984;20;8002;7;8003;24;8004;16;7996.0;0.4
0;31100;ROSES;14990;6;14988;14;14985;19;15010;3;15013;11;15015;8;15000.4;-0.5
0;31100;CHOCOLATE;7990;10;7988;6;7985;13;8002;16;8003;18;8005;25;7995.8;-0.2
0;31200;ROSES;14991;5;14989;19;14987;9;15011;8;15014;6;15017;8;15000.6;-0.4
0;31200;CHOCOLATE;7989;16;7986;8;7984;22;8001;23;8003;16;8006;9;7995.2;-0.4
0;31300;ROSES;14991;8;14989;6;14987;9;15011;7;15013;19;15015;10;15001.0;0.1
0;31300;CHOCOLATE;7990;22;7987;22;7984;8;8002;18;8005;19;8008;7;7995.5;-1.2
0;31400;ROSES;14991;14;14990;7;14988;17;15011;19;15013;13;15015;8;15001.1;0.3
0;31400;CHOCOLATE;7990;9;7989;12;7988;14;8002;9;8003;11;8006;9;7995.5;-0.2
0;31500;ROSES;14991;16;14990;4;14989;9;15011;6;15012;4;15014;19;15001.4;-0.1
0;31500;CHOCOLATE;7989;5;7987;8;7986;8;8001;24;8002;11;8004;23;7995.2;-0.5
0;31600;ROSES;14992;11;14990;14;14989;14;15012;8;15013;19;15014;10;15001.5;-0.3
0;31600;CHOCOLATE;7989;11;7986;14;7985;10;8001;22;8004;5;8005;8;7995.1;-0.0
0;31700;ROSES;14992;8;14989;17;14987;6;15012;8;15014;14;15017;15;15002.1;-0.8
0;31700;CHOCOLATE;7989;19;7987;8;7986;21;8001;9;8003;20;8004;16;7994.8;0.4
0;31800;ROSES;14992;6;14991;15;14990;12;15012;17;15014;12;15016;17;15002.0;-1.0
0;31800;CHOCOLATE;7989;16;7987;10;7986;5;8001;20;8002;8;8004;17;7994.8;0.8
0;31900;ROSES;14992;15;14991;6;14990;8;15012;5;15013;14;15015;9;15001.6;0.4
0;31900;CHOCOLATE;7989;20;7987;13;7986;23;8001;23;8002;13;8004;25;7994.6;0.9
0;32000;ROSES;14992;19;14989;11;14986;7;15012;17;15014;6;15016;6;15001.9;-0.3
0;32000;CHOCOLATE;7989;6;7986;7;7985;20;8001;5;8002;10;8003;17;7994.6;0.9
0;32100;ROSES;14992;5;14990;19;14987;18;15012;17;15015;9;15016;12;15001.7;-0.4
0;32100;CHOCOLATE;7988;22;7986;5;7983;6;8000;18;8002;8;8005;17;7994.4;-0.8
0;32200;ROSES;14991;8;14989;20;14987;12;15011;8;15012;18;15013;16;15001.1;0.5
0;32200;CHOCOLATE;7989;20;7987;22;7986;22;8001;23;8004;20;8007;20;7994.7;1.0
0;32300;ROSES;14991;15;14990;14;14988;12;15011;13;15013;4;15015;3;15001.0;-0.2
0;32300;CHOCOLATE;7989;5;7987;25;7985;15;8001;17;8004;8;8007;18;7994.6;-0.2
0;32400;ROSES;14991;10;14989;10;14988;12;15011;5;15014;5;15015;12;15000.8;0.6
0;32400;CHOCOLATE;7989;18;7986;23;7984;21;8001;18;8002;13;8004;5;7994.7;0.3
0;32500;ROSES;14991;13;14989;6;14987;18;15011;6;15014;9;15016;13;15000.7;-1.0
0;32500;CHOCOLATE;7988;14;7985;16;7983;18;8000;11;8001;20;8004;25;7994.2;0.0
0;32600;ROSES;14991;4;14988;12;14987;15;15011;10;15013;5;15015;6;15001.0;-1.2
0;32600;CHOCOLATE;7988;11;7985;16;7982;7;8000;25;8002;14;8004;21;7994.0;-0.4
0;32700;ROSES;14991;15;14988;11;14986;19;15011;17;15012;20;15014;8;15001.1;-0.8
0;32700;CHOCOLATE;7988;11;7985;19;7984;13;8000;25;8003;22;8005;24;7994.3;-0.8
0;32800;ROSES;14992;19;14989;9;14986;14;15012;17;15015;7;15016;10;15001.5;-1.4
0;32800;CHOCOLATE;7989;7;7987;25;7985;11;8001;18;8003;13;8005;14;7994.6;1.0
0;32900;ROSES;14991;6;14988;7;14987;9;15011;3;15013;10;15014;12;15001.3;-0.5
0;32900;CHOCOLATE;7988;11;7986;10;7984;13;8000;9;8003;5;8004;13;7994.2;0.2
0;33000;ROSES;14991;18;14988;3;14987;4;15011;5;15014;13;15015;12;15001.4;-0.6
0;33000;CHOCOLATE;7989;7;7987;17;7985;9;8001;12;8004;8;8007;23;7994.6;-1.3
0;33100;ROSES;14991;11;14988;18;14985;5;15011;10;15014;6;15017;13;15001.3;-1.9
0;33100;CHOCOLATE;7988;18;7986;11;7983;9;8000;8;8003;10;8004;11;7994.4;1.0
0;33200;ROSES;14992;20;14990;14;14987;6;15012;13;15013;20;15015;16;15001.6;-0.2
0;33200;CHOCOLATE;7988;16;7986;14;7985;5;8000;25;8002;24;8004;6;7994.2;0.1
0;33300;ROSES;14992;11;14991;20;14988;15;15012;12;15015;14;15016;6;15001.9;-1.0
0;33300;CHOCOLATE;7988;13;7986;14;7984;7;8000;12;8001;14;8003;11;7994.0;-0.1
0;33400;ROSES;14992;16;14990;4;14987;11;15012;5;15014;18;15017;18;15002.0;-0.4
0;33400;CHOCOLATE;7988;10;7986;13;7983;21;8000;7;8002;16;8003;18;7993.9;-1.9
0;33500;ROSES;14992;3;14989;4;14987;8;15012;17;15014;7;15017;3;15001.6;-0.9
0;33500;CHOCOLATE;7988;10;7986;12;7983;21;8000;25;8001;9;8002;24;7993.6;0.7
0;33600;ROSES;14991;7;14989;11;14987;8;15011;13;15013;12;15016;9;15001.3;-1.4
0;33600;CHOCOLATE;7988;5;7986;5;7984;22;8000;25;8003;24;8004;25;7993.8;0.4
0;33700;ROSES;14991;8;14989;4;14988;15;15011;16;15013;11;15016;7;15001.4;0.4
0;33700;CHOCOLATE;7988;21;7985;18;7984;19;8000;20;8001;8;8004;12;7994.1;0.4
0;33800;ROSES;14991;15;14989;7;14987;16;15011;9;15014;9;15016;12;15001.3;-0.5
0;33800;CHOCOLATE;7988;14;7987;13;7985;12;8000;24;8001;19;8002;12;7994.1;-0.5
0;33900;ROSES;14991;7;14989;13;14988;15;15011;9;15012;15;15014;16;15001.0;0.9
0;33900;CHOCOLATE;7988;15;7987;12;7984;20;8000;16;8001;24;8002;24;7994.0;-0.6
0;34000;ROSES;14991;15;14990;12;14988;15;15011;14;15014;7;15017;20;15000.9;-1.5
0;34000;CHOCOLATE;7988;19;7987;9;7984;7;8000;15;8002;21;8004;18;7994.2;0.1
0;34100;ROSES;14991;14;14990;16;14989;12;15011;11;15013;11;15015;19;15001.0;0.3
0;34100;CHOCOLATE;7988;22;7986;25;7983;19;8000;6;8002;11;8003;9;7994.0;1.7
0;34200;ROSES;14991;17;14989;16;14987;6;15011;18;15012;4;15015;17;15001.1;0.2
0;34200;CHOCOLATE;7988;9;7986;8;7984;16;8000;7;8002;11;8003;14;7993.7;1.1
0;34300;ROSES;14991;9;14988;3;14986;19;15011;8;15014;16;15017;5;15001.2;0.5
0;34300;CHOCOLATE;7988;8;7987;17;7985;16;8000;23;8001;8;8003;15;7993.7;1.0
0;34400;ROSES;14991;11;14988;3;14985;13;15011;4;15013;17;15015;13;15001.3;0.3
0;34400;CHOCOLATE;7989;25;7986;14;7985;15;8001;6;8002;7;8003;22;7994.9;-1.2
0;34500;ROSES;14992;15;14990;5;14988;3;15012;9;15013;8;15014;15;15001.6;-0.3
0;34500;CHOCOLATE;7989;20;7986;18;7985;14;8001;24;8002;9;8004;16;7994.9;-0.7
0;34600;ROSES;14991;15;14988;18;14987;11;15011;16;15013;5;15015;16;15001.3;-1.4
0;34600;CHOCOLATE;7989;6;7987;21;7984;15;8001;19;8003;12;8004;25;7995.1;-1.1
0;34700;ROSES;14991;19;14989;5;14986;12;15011;17;15014;16;15017;5;15001.2;-0.5
0;34700;CHOCOLATE;7989;12;7988;21;7987;18;8001;14;8004;23;8006;6;7995.4;-0.5
0;34800;ROSES;14991;16;14988;6;14987;17;15011;11;15014;14;15016;11;15000.6;-0.6
0;34800;CHOCOLATE;7989;19;7988;10;7987;10;8001;17;8004;6;8007;7;7994.9;-0.8
0;34900;ROSES;14990;17;14988;11;14985;13;15010;8;15013;9;15015;8;15000.2;0.7
0;34900;CHOCOLATE;7990;22;7988;5;7985;5;8002;17;8003;8;8005;5;7995.7;1.2
0;35000;ROSES;14990;18;14987;12;14985;14;15010;15;15013;12;15016;5;15000.3;0.9
0;35000;CHOCOLATE;7990;5;7989;11;7988;20;8002;25;8005;9;8006;25;7995.7;0.1
0;35100;ROSES;14990;17;14987;7;14986;18;15010;16;15011;3;15013;6;15000.4;1.7
0;35100;CHOCOLATE;7990;5;7987;19;7985;23;8002;12;8004;11;8006;14;7995.8;0.4
0;35200;ROSES;14990;16;14989;16;14987;18;15010;20;15011;12;15012;4;14999.9;-0.7
0;35200;CHOCOLATE;7989;20;7986;12;7983;6;8001;21;8004;5;8007;18;7995.4;0.1
0;35300;ROSES;14990;6;14988;18;14985;14;15010;17;15012;16;15014;3;14999.5;-0.5
0;35300;CHOCOLATE;7990;21;7988;12;7986;23;8002;15;8004;24;8005;19;7995.7;1.2
0;35400;ROSES;14990;14;14987;18;14985;8;15010;9;15012;12;15015;5;14999.7;0.5
0;35400;CHOCOLATE;7990;8;7989;18;7988;20;8002;14;8005;12;8007;11;7995.6;-0.4
0;35500;ROSES;14989;8;14987;8;14985;19;15009;4;15011;5;15014;13;14998.6;-1.2
0;35500;CHOCOLATE;7989;13;7988;15;7985;16;8001;6;8002;22;8004;13;7995.2;0.5
0;35600;ROSES;14989;4;14986;17;14983;17;15009;6;15012;6;15013;6;14999.1;-1.1
0;35600;CHOCOLATE;7989;11;7988;16;7987;10;8001;14;8004;19;8005;21;7995.3;-0.2
0;35700;ROSES;14988;7;14987;6;14984;9;15008;17;15010;16;15012;3;14998.5;0.0
0;35700;CHOCOLATE;7989;7;7987;13;7985;16;8001;18;8004;16;8005;25;7995.3;1.6
0;35800;ROSES;14988;16;14985;16;14983;16;15008;17;15009;19;15010;14;14998.4;-0.4
0;35800;CHOCOLATE;7990;7;7989;15;7986;15;8002;17;8005;10;8006;18;7995.6;-0.3
0;35900;ROSES;14989;4;14986;19;14983;12;15009;16;15010;15;15013;20;14998.9;0.6
0;35900;CHOCOLATE;7990;21;7988;24;7986;9;8002;17;8003;19;8005;25;7995.9;-1.0
0;36000;ROSES;14989;14;14986;15;14983;9;15009;12;15011;5;15014;4;14999.0;1.1
0;36000;CHOCOLATE;7990;22;7987;14;7984;11;8002;7;8003;21;8006;22;7995.6;-0.2
0;36100;ROSES;14989;20;14986;11;14985;10;15009;12;15010;16;15011;19;14998.9;0.8
0;36100;CHOCOLATE;7990;16;7988;8;7986;6;8002;25;8005;8;8008;19;7995.7;0.2
0;36200;ROSES;14989;20;14987;10;14985;14;15009;12;15010;12;15013;7;14998.7;1.4
0;36200;CHOCOLATE;7990;23;7989;11;7988;16;8002;19;8004;8;8007;9;7995.6;-1.1
0;36300;ROSES;14989;7;14988;18;14987;9;15009;17;15010;5;15012;14;14998.6;-1.7
0;36300;CHOCOLATE;7990;23;7987;20;7984;25;8002;18;8004;19;8006;20;7995.5;-0.8
0;36400;ROSES;14988;18;14987;17;14986;7;15008;19;15011;19;15012;6;14998.5;-0.9
0;36400;CHOCOLATE;7989;16;7988;8;7985;24;8001;18;8002;8;8005;8;7995.4;-0.9
0;36500;ROSES;14988;12;14985;14;14984;12;15008;12;15009;18;15011;3;14998.4;0.6
0;36500;CHOCOLATE;7989;14;7986;11;7984;10;8001;20;8002;5;8004;8;7995.4;-0.5
0;36600;ROSES;14988;12;14987;17;14985;13;15008;15;15010;18;15013;7;14998.3;-0.1
0;36600;CHOCOLATE;7990;9;7988;15;7986;7;8002;24;8005;24;8007;18;7995.5;-1.1
0;36700;ROSES;14988;17;14986;11;14983;5;15008;8;15009;3;15012;12;14997.8;1.3
0;36700;CHOCOLATE;7989;22;7986;23;7985;6;8001;23;8002;21;8005;11;7995.3;-0.2
0;36800;ROSES;14988;8;14987;3;14986;11;15008;9;15011;10;15014;17;14997.8;-1.1
0;36800;CHOCOLATE;7990;20;7988;5;7986;15;8002;18;8005;10;8006;18;7995.6;0.6
0;36900;ROSES;14988;6;14986;20;14984;8;15008;12;15009;7;15010;8;14998.1;0.2
0;36900;CHOCOLATE;7990;6;7988;24;7986;15;8002;10;8005;5;8006;6;7995.6;0.4
0;37000;ROSES;14988;15;14987;6;14985;4;15008;9;15010;10;15012;10;14998.1;0.4
0;37000;CHOCOLATE;7989;15;7987;19;7986;22;8001;18;8003;7;8004;20;7995.1;0.1
0;37100;ROSES;14988;6;14987;10;14985;20;15008;7;15011;12;15014;16;14998.5;0.2
0;37100;CHOCOLATE;7989;22;7986;10;7985;12;8001;22;8002;18;8004;22;7994.6;0.6
0;37200;ROSES;14988;8;14986;3;14983;4;15008;18;15010;11;15013;11;14998.5;0.0
0;37200;CHOCOLATE;7989;21;7987;14;7984;6;8001;10;8002;22;8005;23;7994.7;-0.8
0;37300;ROSES;14989;20;14986;11;14985;16;15009;9;15010;19;15013;13;14998.6;0.2
0;37300;CHOCOLATE;7989;13;7986;12;7984;15;8001;15;8004;11;8006;19;7995.3;-1.5
0;37400;ROSES;14989;18;14986;3;14985;3;15009;8;15012;16;15013;20;14998.9;-0.2
0;37400;CHOCOLATE;7990;25;7988;7;7985;22;8002;5;8003;19;8006;8;7995.7;-0.9
0;37500;ROSES;14989;3;14986;6;14984;17;15009;14;15011;9;15012;17;14998.6;1.4
0;37500;CHOCOLATE;7990;11;7988;7;7985;24;8002;25;8005;14;8007;12;7996.1;0.1
0;37600;ROSES;14989;9;14987;3;14986;9;15009;15;15011;6;15013;11;14998.6;1.1
0;37600;CHOCOLATE;7990;23;7987;24;7986;23;8002;10;8005;7;8008;23;7995.8;-0.5
0;37700;ROSES;14989;11;14987;9;14984;3;15009;20;15010;11;15013;20;14998.7;0.2
0;37700;CHOCOLATE;7990;6;7988;15;7985;18;8002;18;8005;13;8008;8;7995.8;-0.0
0;37800;ROSES;14988;10;14986;4;14983;11;15008;16;15009;20;15012;17;14998.5;-1.0
0;37800;CHOCOLATE;7990;12;7988;18;7987;7;8002;12;8005;11;8006;10;7995.7;0.9
0;37900;ROSES;14988;16;14985;3;14984;13;15008;11;15009;10;15011;6;14998.5;0.3
0;37900;CHOCOLATE;7989;7;7988;24;7986;24;8001;19;8004;8;8005;25;7995.0;0.4
0;38000;ROSES;14988;5;14987;7;14986;4;15008;17;15010;4;15012;12;14998.3;0.2
0;38000;CHOCOLATE;7989;6;7988;14;7985;17;8001;17;8002;8;8005;24;7994.7;-0.6
0;38100;ROSES;14988;17;14985;15;14982;17;15008;16;15011;6;15012;13;14998.3;-0.7
0;38100;CHOCOLATE;7988;23;7987;11;7985;8;8000;8;8003;5;8005;24;7994.5;-1.2
0;38200;ROSES;14988;19;14987;11;14984;14;15008;16;15009;18;15012;17;14998.2;-1.2
0;38200;CHOCOLATE;7988;23;7987;18;7986;21;8000;25;8001;16;8003;14;7994.5;0.5
0;38300;ROSES;14988;13;14987;12;14986;14;15008;3;15010;19;15012;7;14997.9;-0.6
0;38300;CHOCOLATE;7989;11;7986;11;7985;25;8001;11;8003;7;8005;15;7994.9;0.4
0;38400;ROSES;14988;13;14985;13;14983;12;15008;16;15011;13;15014;8;14998.0;1.0
0;38400;CHOCOLATE;7989;25;7988;12;7986;12;8001;19;8002;24;8003;11;7995.4;1.2
0;38500;ROSES;14988;15;14986;8;14983;3;15008;14;15010;3;15011;5;14998.1;1.6
0;38500;CHOCOLATE;7989;25;7988;23;7986;16;8001;6;8003;5;8004;11;7995.1;1.0
0;38600;ROSES;14988;20;14986;10;14983;8;15008;9;15009;3;15011;8;14998.1;0.6
0;38600;CHOCOLATE;7990;25;7989;8;7986;15;8002;11;8003;14;8005;19;7995.5;-1.8
0;38700;ROSES;14988;16;14985;5;14984;6;15008;7;15011;7;15014;9;14998.2;1.8
0;38700;CHOCOLATE;7990;25;7988;12;7986;6;8002;24;8005;23;8007;11;7995.6;0.9
0;38800;ROSES;14988;11;14987;7;14985;19;15008;18;15009;9;15010;5;14998.3;-0.6
0;38800;CHOCOLATE;7990;17;7987;25;7986;21;8002;16;8003;20;8006;21;7995.7;-1.7
0;38900;ROSES;14988;18;14986;18;14983;11;15008;15;15011;4;15013;9;14998.1;0.2
0;38900;CHOCOLATE;7990;18;7989;17;7987;23;8002;10;8003;16;8005;13;7995.7;0.6
0;39000;ROSES;14988;14;14987;10;14985;4;15008;17;15010;19;15013;13;14997.9;-0.2
0;39000;CHOCOLATE;7989;13;7987;17;7985;5;8001;10;8003;19;8005;12;7995.4;0.5
0;39100;ROSES;14988;20;14987;5;14985;11;15008;10;15011;6;15014;6;14997.9;0.4
0;39100;CHOCOLATE;7990;15;7989;13;7987;14;8002;13;8003;11;8006;24;7995.5;0.1
0;39200;ROSES;14989;3;14986;12;14983;12;15009;14;15012;15;15014;15;14999.0;-0.0
0;39200;CHOCOLATE;7990;9;7989;17;7987;12;8002;12;8005;11;8008;20;7995.7;-1.5
0;39300;ROSES;14989;13;14986;5;14984;13;15009;9;15012;16;15014;16;14999.0;1.3
0;39300;CHOCOLATE;7990;23;7987;9;7986;14;8002;5;8004;20;8005;16;7995.8;1.0
0;39400;ROSES;14989;12;14986;13;14984;3;15009;4;15012;7;15015;7;14998.8;0.9
0;39400;CHOCOLATE;7991;23;7988;17;7985;17;8003;11;8006;17;8009;7;7996.8;-0.5
0;39500;ROSES;14989;12;14988;5;14986;8;15009;6;15012;20;15014;8;14998.7;-0.1
0;39500;CHOCOLATE;7991;7;7989;17;7988;14;8003;11;8004;12;8005;14;7997.2;0.3
0;39600;ROSES;14989;8;14988;13;14986;16;15009;15;15012;8;15013;6;14998.6;-0.3
0;39600;CHOCOLATE;7991;9;7988;11;7987;14;8003;18;8005;20;8006;10;7997.4;0.7
0;39700;ROSES;14988;17;14985;11;14984;9;15008;3;15011;7;15014;17;14998.0;-1.4
0;39700;CHOCOLATE;7992;20;7991;19;7988;19;8004;23;8006;6;8009;7;7997.7;0.4
0;39800;ROSES;14988;12;14986;15;14984;8;15008;16;15011;10;15014;8;14997.9;2.0
0;39800;CHOCOLATE;7992;23;7990;8;7988;17;8004;6;8007;12;8008;10;7998.1;-1.0
0;39900;ROSES;14988;9;14986;18;14983;16;15008;20;15009;6;15012;14;14997.8;1.4
0;39900;CHOCOLATE;7992;13;7990;11;7988;21;8004;6;8006;19;8007;5;7998.2;0.2
0;40000;ROSES;14988;15;14985;9;14983;15;15008;4;15010;3;15012;11;14998.2;0.7
0;40000;CHOCOLATE;7993;20;7991;19;7988;7;8005;7;8008;22;8010;12;7998.7;1.5
0;40100;ROSES;14988;3;14986;6;14984;8;15008;12;15009;6;15010;20;14998.2;-1.0
0;40100;CHOCOLATE;7993;9;7990;19;7989;16;8005;10;8008;11;8010;6;7998.7;-0.6
0;40200;ROSES;14988;19;14986;6;14983;15;15008;12;15009;17;15012;4;14998.4;-0.8
0;40200;CHOCOLATE;7993;12;7991;11;7990;7;8005;5;8006;18;8008;5;7998.6;-0.2
0;40300;ROSES;14989;10;14988;6;14985;8;15009;8;15012;4;15013;16;14998.7;-0.1
0;40300;CHOCOLATE;7992;24;7990;11;7987;22;8004;17;8007;18;8008;8;7998.1;-0.1
0;40400;ROSES;14989;13;14987;3;14986;15;15009;9;15010;17;15012;10;14998.7;0.5
0;40400;CHOCOLATE;7993;7;7990;11;7987;18;8005;14;8007;24;8008;20;7998.6;0.7
0;40500;ROSES;14989;6;14986;13;14983;15;15009;7;15010;13;15012;8;14998.9;-0.0
0;40500;CHOCOLATE;7992;15;7990;5;7987;24;8004;23;8006;19;8007;17;7998.2;-1.6
0;40600;ROSES;14988;10;14985;3;14982;6;15008;12;15011;10;15012;16;14998.4;-0.1
0;40600;CHOCOLATE;7992;14;7991;11;7990;9;8004;17;8006;11;8008;25;7998.2;-1.4
0;40700;ROSES;14989;7;14986;11;14984;13;15009;4;15012;19;15014;16;14999.0;0.5
0;40700;CHOCOLATE;7992;15;7991;12;7990;11;8004;22;8007;6;8009;12;7998.1;-0.7
0;40800;ROSES;14989;13;14988;8;14985;17;15009;3;15011;5;15014;18;14999.2;-1.5
0;40800;CHOCOLATE;7992;7;7989;10;7988;23;8004;22;8005;11;8006;12;7998.2;0.3
0;40900;ROSES;14989;9;14987;10;14985;16;15009;8;15010;10;15013;12;14998.9;-0.1
0;40900;CHOCOLATE;7992;7;7989;16;7988;17;8004;17;8006;10;8008;20;7998.2;1.1
0;41000;ROSES;14988;3;14985;15;14983;16;15008;5;15009;12;15011;20;14998.5;0.4
0;41000;CHOCOLATE;7992;19;7990;14;7988;17;8004;22;8006;24;8008;20;7998.4;1.4
0;41100;ROSES;14989;3;14987;3;14986;19;15009;14;15010;18;15011;15;14998.7;0.2
0;41100;CHOCOLATE;7993;14;7990;25;7988;23;8005;7;8007;18;8009;6;7999.1;-1.1
0;41200;ROSES;14989;11;14986;14;14985;19;15009;18;15010;14;15012;4;14998.8;-0.0
0;41200;CHOCOLATE;7993;6;7990;16;7989;25;8005;5;8006;25;8008;9;7998.7;-1.9
0;41300;ROSES;14989;8;14986;3;14985;6;15009;5;15011;15;15012;15;14998.8;1.1
0;41300;CHOCOLATE;7992;10;7991;18;7988;13;8004;14;8005;21;8007;22;7998.5;-2.7
0;41400;ROSES;14989;5;14987;6;14984;14;15009;7;15011;11;15014;9;14998.7;-0.9
0;41400;CHOCOLATE;7993;5;7991;8;7990;7;8005;18;8006;21;8008;18;7998.7;-0.4
0;41500;ROSES;14988;7;14987;9;14986;18;15008;8;15010;19;15011;6;14998.4;-1.4
0;41500;CHOCOLATE;7992;10;7991;11;7990;13;8004;18;8005;19;8008;25;7998.2;0.6
0;41600;ROSES;14988;5;14985;15;14984;6;15008;11;15009;5;15011;13;14998.5;-0.3
0;41600;CHOCOLATE;7992;6;7990;13;7987;5;8004;23;8005;6;8006;8;7998.4;0.1
0;41700;ROSES;14989;18;14987;18;14984;13;15009;16;15012;13;15014;14;14998.6;1.8
0;41700;CHOCOLATE;7992;17;7990;17;7989;24;8004;6;8006;16;8009;15;7998.3;-0.9
0;41800;ROSES;14989;3;14986;6;14984;19;15009;11;15012;10;15013;14;14998.6;-0.1
0;41800;CHOCOLATE;7992;11;7990;5;7987;25;8004;15;8006;5;8009;25;7997.9;0.5
0;41900;ROSES;14989;10;14986;18;14984;15;15009;5;15012;14;15014;16;14998.6;0.2
0;41900;CHOCOLATE;7992;17;7990;14;7987;24;8004;11;8007;9;8008;21;7998.5;-0.9
0;42000;ROSES;14989;18;14986;5;14983;12;15009;20;15010;17;15011;8;14999.0;-1.3
0;42000;CHOCOLATE;7993;12;7991;11;7988;10;8005;7;8008;8;8009;18;7999.1;-1.6
0;42100;ROSES;14989;11;14987;18;14985;6;15009;7;15011;20;15012;18;14999.0;-0.0
0;42100;CHOCOLATE;7994;25;7993;15;7990;17;8006;17;8009;25;8010;25;7999.5;0.9
0;42200;ROSES;14989;6;14987;12;14986;5;15009;6;15010;5;15012;13;14999.2;-2.7
0;42200;CHOCOLATE;7994;9;7991;15;7990;17;8006;23;8009;5;8011;14;7999.5;-2.5
0;42300;ROSES;14990;7;14988;19;14986;10;15010;6;15012;15;15014;3;14999.5;0.5
0;42300;CHOCOLATE;7993;19;7992;9;7990;24;8005;14;8006;9;8008;6;7999.1;-0.3
0;42400;ROSES;14989;18;14986;9;14985;18;15009;12;15011;15;15014;4;14999.3;-0.5
0;42400;CHOCOLATE;7993;6;7990;10;7989;20;8005;17;8008;14;8009;10;7999.4;-0.1
0;42500;ROSES;14990;14;14988;15;14986;15;15010;5;15013;19;15015;12;14999.7;-0.1
0;42500;CHOCOLATE;7993;9;7990;15;7987;23;8005;6;8007;14;8008;19;7999.3;2.4
0;42600;ROSES;14990;7;14988;9;14985;9;15010;9;15012;3;15014;14;14999.5;-1.2
0;42600;CHOCOLATE;7993;10;7990;6;7989;8;8005;16;8007;20;8009;10;7999.2;-1.4
0;42700;ROSES;14990;16;14987;7;14984;15;15010;10;15012;4;15015;6;14999.6;-0.2
0;42700;CHOCOLATE;7993;17;7990;7;7987;19;8005;25;8006;17;8009;13;7999.2;1.2
0;42800;ROSES;14989;6;14988;18;14987;19;15009;10;15010;3;15011;18;14999.4;-0.9
0;42800;CHOCOLATE;7993;25;7990;18;7989;14;8005;23;8007;9;8009;8;7999.2;1.8
0;42900;ROSES;14989;3;14986;15;14985;20;15009;20;15011;19;15014;18;14999.2;1.5
0;42900;CHOCOLATE;7994;11;7991;8;7988;10;8006;24;8009;10;8010;5;7999.7;0.8
0;43000;ROSES;14989;9;14988;8;14987;5;15009;20;15010;11;15013;4;14998.7;-0.7
0;43000;CHOCOLATE;7994;18;7992;5;7990;12;8006;14;8009;6;8010;21;7999.8;0.3
0;43100;ROSES;14989;18;14986;13;14984;19;15009;14;15010;20;15013;19;14998.9;-0.5
0;43100;CHOCOLATE;7994;9;7993;14;7992;11;8006;9;8007;24;8008;22;7999.9;0.5
0;43200;ROSES;14989;5;14988;20;14985;11;15009;11;15012;15;15014;8;14999.0;1.0
0;43200;CHOCOLATE;7994;9;7992;22;7989;11;8006;7;8008;25;8011;13;7999.8;0.3
0;43300;ROSES;14989;19;14988;8;14985;16;15009;7;15011;13;15014;16;14999.4;-0.0
0;43300;CHOCOLATE;7993;22;7992;8;7991;22;8005;18;8007;7;8008;15;7999.2;1.9
0;43400;ROSES;14989;11;14987;3;14985;6;15009;15;15010;10;15011;15;14999.2;-0.8
0;43400;CHOCOLATE;7994;14;7993;23;7992;20;8006;8;8009;21;8012;16;7999.7;-0.6
0;43500;ROSES;14989;4;14986;8;14984;13;15009;15;15012;8;15013;14;14999.1;-2.1
0;43500;CHOCOLATE;7994;20;7991;23;7988;9;8006;13;8009;5;8011;21;7999.9;-1.5
0;43600;ROSES;14989;11;14988;4;14986;14;15009;10;15012;16;15015;17;14999.0;-1.6
0;43600;CHOCOLATE;7994;18;7992;21;7989;12;8006;14;8008;25;8010;7;8000.2;2.9
0;43700;ROSES;14989;5;14987;10;14986;5;15009;8;15012;4;15013;5;14999.2;-0.4
0;43700;CHOCOLATE;7994;21;7992;9;7991;20;8006;20;8008;21;8011;22;8000.2;-1.4
0;43800;ROSES;14989;16;14986;20;14985;14;15009;10;15012;19;15013;4;14999.1;-1.1
0;43800;CHOCOLATE;7994;7;7991;16;7988;9;8006;21;8007;16;8008;6;7999.6;-1.8
0;43900;ROSES;14989;10;14987;20;14986;6;15009;12;15011;12;15014;18;14998.9;0.5
0;43900;CHOCOLATE;7994;11;7991;14;7988;25;8006;21;8009;6;8011;19;7999.5;0.7
0;44000;ROSES;14989;17;14988;13;14986;12;15009;14;15010;6;15013;3;14999.3;-1.3
0;44000;CHOCOLATE;7993;18;7991;20;7989;11;8005;7;8006;21;8007;21;7999.3;1.4
0;44100;ROSES;14990;11;14988;10;14987;18;15010;15;15011;14;15014;12;14999.6;-0.7
0;44100;CHOCOLATE;7993;19;7990;10;7988;9;8005;16;8006;18;8008;5;7998.8;1.8
0;44200;ROSES;14989;4;14988;7;14987;15;15009;16;15010;13;15012;4;14999.2;1.7
0;44200;CHOCOLATE;7993;18;7991;20;7988;22;8005;20;8007;9;8008;15;7998.9;0.6
0;44300;ROSES;14989;15;14987;7;14984;6;15009;6;15012;3;15015;7;14999.2;-1.9
0;44300;CHOCOLATE;7993;15;7990;18;7989;24;8005;5;8006;18;8009;20;7999.1;1.1
0;44400;ROSES;14989;19;14987;8;14986;10;15009;11;15012;6;15013;11;14999.1;1.2
0;44400;CHOCOLATE;7993;8;7991;21;7990;24;8005;10;8007;11;8010;23;7999.4;-0.0
0;44500;ROSES;14989;11;14988;9;14987;7;15009;16;15011;3;15012;9;14999.0;-0.5
0;44500;CHOCOLATE;7993;25;7991;12;7988;12;8005;15;8007;18;8010;20;7999.4;0.2
0;44600;ROSES;14989;14;14988;11;14986;14;15009;16;15010;10;15012;13;14999.3;0.4
0;44600;CHOCOLATE;7994;15;7993;11;7992;14;8006;20;8009;13;8012;24;7999.6;-0.4
0;44700;ROSES;14990;6;14988;6;14986;3;15010;20;15012;7;15014;13;14999.5;0.4
0;44700;CHOCOLATE;7993;16;7990;12;7987;25;8005;13;8008;11;8011;23;7999.3;1.6
0;44800;ROSES;14989;6;14988;4;14985;9;15009;9;15012;17;15015;6;14999.0;1.6
0;44800;CHOCOLATE;7994;11;7992;22;7990;9;8006;6;8009;9;8011;11;7999.6;0.6
0;44900;ROSES;14989;6;14986;16;14984;5;15009;18;15011;16;15013;19;14998.6;0.9
0;44900;CHOCOLATE;7994;9;7993;14;7992;6;8006;23;8009;6;8011;11;7999.9;-0.6
0;45000;ROSES;14989;8;14986;17;14983;19;15009;15;15012;20;15013;15;14998.6;-1.1
0;45000;CHOCOLATE;7994;11;7993;23;7992;5;8006;21;8007;19;8010;21;7999.7;0.5
0;45100;ROSES;14988;11;14986;20;14985;6;15008;8;15010;10;15013;4;14998.5;-1.3
0;45100;CHOCOLATE;7994;13;7991;6;7990;25;8006;12;8008;11;8009;22;7999.5;-0.2
0;45200;ROSES;14989;5;14986;20;14983;11;15009;7;15011;16;15013;12;14998.8;1.1
0;45200;CHOCOLATE;7993;13;7992;10;7990;13;8005;5;8006;22;8009;23;7999.4;0.3
0;45300;ROSES;14989;20;14987;9;14984;17;15009;10;15011;13;15014;11;14999.2;1.2
0;45300;CHOCOLATE;7994;18;7992;16;7991;9;8006;20;8008;7;8009;20;7999.5;1.5
0;45400;ROSES;14989;8;14988;12;14987;3;15009;12;15012;8;15014;8;14999.3;0.7
0;45400;CHOCOLATE;7994;18;7993;12;7992;19;8006;25;8007;17;8008;8;7999.7;-1.6
0;45500;ROSES;14989;15;14988;3;14985;6;15009;3;15010;4;15012;7;14999.2;-0.6
0;45500;CHOCOLATE;7994;5;7993;8;7990;22;8006;15;8009;7;8010;11;7999.7;0.5
0;45600;ROSES;14990;18;14988;7;14987;10;15010;4;15012;20;15014;11;14999.6;1.5
0;45600;CHOCOLATE;7994;8;7993;21;7992;18;8006;9;8009;5;8011;12;7999.6;-0.4
0;45700;ROSES;14990;10;14989;15;14987;6;15010;18;15013;8;15015;6;14999.9;0.2
0;45700;CHOCOLATE;7994;15;7992;8;7990;16;8006;7;8007;6;8010;24;7999.7;2.8
0;45800;ROSES;14990;16;14988;7;14985;12;15010;12;15011;14;15014;6;15000.1;1.0
0;45800;CHOCOLATE;7994;5;7992;9;7990;25;8006;9;8009;15;8010;9;7999.7;1.3
0;45900;ROSES;14990;16;14988;11;14987;7;15010;5;15011;13;15014;7;14999.7;1.2
0;45900;CHOCOLATE;7994;18;7992;24;7990;25;8006;15;8008;9;8010;25;7999.8;1.0
0;46000;ROSES;14990;18;14987;20;14985;20;15010;10;15013;15;15016;5;14999.9;-0.5
0;46000;CHOCOLATE;7994;7;7991;12;7988;16;8006;5;8009;11;8010;5;7999.5;-0.6
0;46100;ROSES;14990;14;14989;7;14988;12;15010;17;15011;7;15013;20;14999.7;1.0
0;46100;CHOCOLATE;7994;9;7993;8;7992;9;8006;17;8007;5;8008;18;8000.2;-0.4
0;46200;ROSES;14989;8;14986;3;14983;7;15009;14;15010;7;15012;5;14999.4;1.3
0;46200;CHOCOLATE;7994;9;7992;21;7991;14;8006;20;8007;18;8009;15;8000.2;0.2
0;46300;ROSES;14989;4;14988;4;14986;8;15009;19;15010;8;15011;3;14999.0;0.6
0;46300;CHOCOLATE;7994;23;7992;21;7989;14;8006;12;8009;18;8011;10;8000.0;0.7
0;46400;ROSES;14989;15;14987;4;14986;10;15009;15;15012;8;15013;20;14999.0;0.5
0;46400;CHOCOLATE;7994;25;7991;25;7989;17;8006;17;8008;10;8010;6;7999.9;-0.3
0;46500;ROSES;14989;5;14988;14;14986;13;15009;3;15010;10;15011;12;14999.1;-1.6
0;46500;CHOCOLATE;7994;11;7993;22;7990;11;8006;25;8007;6;8009;12;7999.9;0.5
0;46600;ROSES;14989;4;14986;4;14985;13;15009;5;15012;12;15014;3;14999.0;3.2
0;46600;CHOCOLATE;7994;17;7992;16;7989;9;8006;8;8007;15;8009;18;8000.4;-0.2
0;46700;ROSES;14989;15;14986;18;14985;4;15009;12;15010;8;15013;7;14999.3;-0.8
0;46700;CHOCOLATE;7994;11;7991;25;7990;9;8006;10;8009;21;8010;21;8000.4;-0.4
0;46800;ROSES;14990;13;14987;12;14985;14;15010;16;15012;4;15013;15;14999.7;-0.1
0;46800;CHOCOLATE;7994;25;7991;20;7990;8;8006;5;8007;9;8010;14;8000.4;4.0
0;46900;ROSES;14989;13;14988;8;14986;12;15009;8;15010;5;15012;11;14999.0;-0.9
0;46900;CHOCOLATE;7994;13;7993;20;7992;13;8006;19;8009;25;8011;9;8000.2;-0.5
0;47000;ROSES;14990;15;14988;16;14987;7;15010;17;15012;14;15014;19;14999.7;-1.2
0;47000;CHOCOLATE;7995;21;7993;19;7992;13;8007;6;8010;24;8012;25;8000.6;-2.4
0;47100;ROSES;14990;6;14987;12;14984;15;15010;8;15011;15;15012;5;15000.2;0.7
0;47100;CHOCOLATE;7995;19;7992;25;7991;22;8007;19;8009;8;8011;7;8000.7;2.4
0;47200;ROSES;14990;13;14988;5;14986;13;15010;13;15011;18;15013;9;15000.3;0.5
0;47200;CHOCOLATE;7995;9;7993;20;7991;9;8007;25;8008;11;8011;15;8000.6;-1.3
0;47300;ROSES;14989;18;14987;9;14986;4;15009;9;15011;3;15013;16;14999.4;-1.5
0;47300;CHOCOLATE;7995;17;7994;7;7993;14;8007;19;8008;18;8010;21;8000.6;1.7
0;47400;ROSES;14990;13;14989;12;14988;8;15010;9;15011;14;15013;16;14999.6;2.4
0;47400;CHOCOLATE;7994;23;7993;17;7990;5;8006;22;8008;24;8010;11;8000.2;0.2
0;47500;ROSES;14990;13;14987;3;14986;7;15010;17;15012;7;15015;18;15000.0;0.8
0;47500;CHOCOLATE;7994;5;7991;19;7989;9;8006;25;8008;19;8011;25;8000.3;-0.4
0;47600;ROSES;14990;20;14989;8;14986;15;15010;9;15011;14;15013;9;15000.1;-0.1
0;47600;CHOCOLATE;7995;5;7992;14;7991;14;8007;21;8009;8;8011;20;8001.1;-0.9
0;47700;ROSES;14990;16;14988;19;14986;13;15010;6;15012;8;15015;17;14999.9;-1.1
0;47700;CHOCOLATE;7995;17;7992;14;7991;18;8007;25;8010;14;8012;24;8000.9;0.3
0;47800;ROSES;14990;3;14989;16;14988;6;15010;18;15011;20;15012;6;15000.5;-1.0
0;47800;CHOCOLATE;7995;11;7994;12;7991;19;8007;22;8009;17;8011;8;8000.7;-1.1
0;47900;ROSES;14991;15;14990;3;14988;14;15011;10;15013;19;15015;12;15000.6;1.3
0;47900;CHOCOLATE;7995;5;7993;18;7991;6;8007;5;8010;5;8011;9;8000.6;1.7
0;48000;ROSES;14991;13;14988;8;14985;16;15011;10;15014;20;15016;15;15000.8;-2.2
0;48000;CHOCOLATE;7995;25;7994;17;7991;10;8007;17;8009;15;8010;21;8000.8;1.6
0;48100;ROSES;14991;15;14988;11;14987;20;15011;8;15014;13;15015;9;15000.9;0.7
0;48100;CHOCOLATE;7995;5;7994;24;7991;22;8007;7;8010;23;8011;17;8000.8;0.2
0;48200;ROSES;14991;8;14989;10;14986;10;15011;12;15014;9;15016;20;15001.4;0.3
0;48200;CHOCOLATE;7995;13;7993;7;7991;9;8007;25;8010;5;8011;25;8001.1;-1.6
0;48300;ROSES;14992;6;14991;7;14989;12;15012;11;15015;8;15016;5;15002.0;-0.2
0;48300;CHOCOLATE;7996;5;7995;18;7993;7;8008;20;8009;25;8011;7;8001.6;1.1
0;48400;ROSES;14992;8;14990;12;14987;3;15012;8;15014;4;15015;6;15002.1;1.2
0;48400;CHOCOLATE;7996;5;7994;10;7991;21;8008;13;8011;8;8014;11;8002.5;-0.6
0;48500;ROSES;14992;14;14989;6;14986;9;15012;3;15013;13;15014;7;15001.8;-0.9
0;48500;CHOCOLATE;7997;11;7996;7;7994;16;8009;22;8011;25;8013;14;8002.6;1.9
0;48600;ROSES;14991;11;14989;8;14986;9;15011;11;15013;15;15014;6;15001.2;0.5
0;48600;CHOCOLATE;7996;20;7994;18;7993;19;8008;18;8009;24;8012;13;8002.2;-1.0
0;48700;ROSES;14991;14;14988;14;14986;5;15011;17;15013;8;15014;4;15001.4;-1.6
0;48700;CHOCOLATE;7996;21;7994;16;7992;17;8008;5;8011;8;8014;10;8002.4;-0.2
0;48800;ROSES;14992;9;14991;14;14989;14;15012;7;15013;13;15014;6;15001.5;-1.2
0;48800;CHOCOLATE;7997;23;7994;15;7992;12;8009;22;8010;7;8012;17;8002.9;0.1
0;48900;ROSES;14992;5;14991;16;14990;16;15012;13;15015;13;15017;9;15001.5;0.8
0;48900;CHOCOLATE;7997;8;7995;8;7994;19;8009;10;8011;24;8013;15;8003.0;2.1
0;49000;ROSES;14991;3;14990;17;14988;12;15011;7;15012;15;15015;4;15001.3;-0.5
0;49000;CHOCOLATE;7998;7;7997;20;7995;8;8010;18;8013;14;8014;13;8003.6;-1.7
0;49100;ROSES;14991;4;14990;15;14987;12;15011;17;15013;18;15015;6;15001.2;1.0
0;49100;CHOCOLATE;7998;5;7997;9;7996;8;8010;15;8011;18;8012;12;8004.0;-2.4
0;49200;ROSES;14991;4;14989;11;14986;4;15011;6;15012;4;15015;12;15001.3;0.7
0;49200;CHOCOLATE;7998;10;7995;9;7993;23;8010;19;8012;8;8015;9;8004.2;0.5
0;49300;ROSES;14991;6;14988;19;14986;19;15011;10;15014;18;15016;18;15001.2;0.6
0;49300;CHOCOLATE;7998;13;7995;14;7993;7;8010;16;8011;22;8012;12;8004.5;-0.2
0;49400;ROSES;14991;18;14990;4;14987;9;15011;3;15012;9;15013;17;15000.9;-1.7
0;49400;CHOCOLATE;7998;21;7997;21;7995;15;8010;14;8011;19;8014;25;8004.5;-0.7
0;49500;ROSES;14991;17;14990;19;14989;9;15011;15;15013;9;15015;5;15001.1;1.2
0;49500;CHOCOLATE;7998;9;7996;19;7993;8;8010;8;8013;12;8014;5;8004.5;0.7
0;49600;ROSES;14991;17;14990;14;14988;11;15011;6;15014;20;15017;5;15001.3;-0.5
0;49600;CHOCOLATE;7998;15;7996;6;7993;19;8010;13;8012;16;8015;8;8004.4;0.7
0;49700;ROSES;14992;15;14990;8;14989;11;15012;19;15014;18;15015;19;15001.6;0.4
0;49700;CHOCOLATE;7998;8;7995;6;7994;6;8010;23;8011;13;8012;12;8004.0;0.8
0;49800;ROSES;14992;15;14991;15;14988;15;15012;6;15015;10;15018;11;15001.7;0.2
0;49800;CHOCOLATE;7998;24;7997;14;7995;5;8010;8;8013;10;8015;21;8003.8;0.0
0;49900;ROSES;14992;8;14989;13;14987;5;15012;8;15015;8;15016;13;15002.0;-1.0
0;49900;CHOCOLATE;7998;15;7997;5;7994;10;8010;13;8012;7;8014;10;8003.9;-0.4
0;50000;ROSES;14992;3;14989;18;14987;10;15012;18;15014;6;15017;4;15001.8;-2.2
0;50000;CHOCOLATE;7998;10;7996;9;7995;8;8010;8;8013;14;8016;15;8004.1;-1.5
0;50100;ROSES;14991;11;14988;14;14986;17;15011;3;15014;14;15016;12;15001.3;0.6
0;50100;CHOCOLATE;7998;13;7995;21;7992;25;8010;5;8012;9;8013;18;8003.9;-2.6
0;50200;ROSES;14992;10;14991;16;14989;14;15012;9;15014;5;15015;9;15001.6;-1.4
0;50200;CHOCOLATE;7998;22;7997;19;7995;21;8010;10;8013;13;8016;16;8004.2;-0.6
0;50300;ROSES;14992;4;14990;19;14988;13;15012;6;15014;16;15015;17;15001.8;-0.8
0;50300;CHOCOLATE;7998;20;7996;9;7994;19;8010;9;8011;21;8012;14;8003.7;-0.9
0;50400;ROSES;14992;12;14990;3;14988;17;15012;4;15014;9;15015;12;15001.5;-1.3
0;50400;CHOCOLATE;7998;16;7996;5;7994;6;8010;13;8011;9;8013;16;8003.8;-0.6
0;50500;ROSES;14992;5;14989;11;14986;7;15012;9;15015;16;15016;5;15001.9;-1.5
0;50500;CHOCOLATE;7998;17;7996;18;7995;17;8010;8;8013;13;8016;14;8003.7;0.3
0;50600;ROSES;14992;7;14990;9;14987;11;15012;7;15014;16;15017;20;15001.7;-0.4
0;50600;CHOCOLATE;7998;22;7996;10;7993;17;8010;18;8013;8;8015;9;8003.8;1.0
0;50700;ROSES;14991;17;14988;14;14985;16;15011;17;15014;16;15016;16;15001.3;-0.3
0;50700;CHOCOLATE;7997;24;7996;14;7994;12;8009;23;8010;21;8011;16;8003.2;0.7
0;50800;ROSES;14992;7;14989;15;14987;3;15012;17;15013;19;15015;17;15001.5;1.1
0;50800;CHOCOLATE;7997;24;7995;8;7992;14;8009;23;8010;20;8012;15;8003.2;-0.5
0;50900;ROSES;14992;4;14989;9;14986;19;15012;7;15015;20;15018;18;15001.6;-0.5
0;50900;CHOCOLATE;7998;14;7995;5;7994;20;8010;24;8012;11;8015;8;8003.7;2.0
0;51000;ROSES;14992;9;14991;6;14988;18;15012;3;15013;19;15014;17;15001.8;0.3
0;51000;CHOCOLATE;7997;12;7995;22;7993;13;8009;24;8011;19;8012;24;8003.1;1.8
0;51100;ROSES;14992;10;14991;8;14990;19;15012;20;15013;9;15016;18;15001.9;0.5
0;51100;CHOCOLATE;7997;13;7996;17;7993;17;8009;8;8011;19;8013;18;8002.9;0.1
0;51200;ROSES;14992;15;14990;3;14988;12;15012;4;15013;17;15016;4;15002.0;-0.7
0;51200;CHOCOLATE;7997;13;7996;5;7994;10;8009;16;8012;21;8014;21;8003.1;-0.7
0;51300;ROSES;14992;8;14989;7;14987;14;15012;13;15015;17;15016;7;15002.1;2.7
0;51300;CHOCOLATE;7997;20;7995;17;7993;20;8009;24;8010;10;8013;23;8003.0;2.1
0;51400;ROSES;14992;13;14989;14;14986;15;15012;5;15014;4;15015;3;15002.1;-1.5
0;51400;CHOCOLATE;7997;20;7996;15;7993;12;8009;12;8010;8;8012;10;8003.1;-0.6
0;51500;ROSES;14992;11;14990;6;14989;4;15012;5;15013;17;15016;14;15002.0;-1.3
0;51500;CHOCOLATE;7997;19;7996;17;7994;9;8009;25;8010;23;8013;22;8002.7;-1.5
0;51600;ROSES;14992;9;14990;8;14987;16;15012;19;15014;9;15015;5;15002.1;0.9
0;51600;CHOCOLATE;7996;9;7993;5;7992;16;8008;18;8009;23;8010;22;8002.3;-0.9
0;51700;ROSES;14992;19;14989;18;14986;9;15012;9;15015;18;15018;19;15002.3;-0.9
0;51700;CHOCOLATE;7996;18;7993;25;7992;17;8008;7;8009;23;8011;7;8002.1;1.4
0;51800;ROSES;14992;4;14991;20;14990;13;15012;3;15014;10;15015;12;15002.5;1.1
0;51800;CHOCOLATE;7996;14;7993;7;7991;22;8008;23;8009;12;8010;21;8002.3;-0.5
0;51900;ROSES;14993;6;14991;18;14988;11;15013;3;15014;4;15017;13;15002.8;-0.6
0;51900;CHOCOLATE;7996;15;7995;6;7994;12;8008;20;8009;7;8012;23;8002.1;0.4
0;52000;ROSES;14993;5;14992;20;14990;18;15013;7;15014;11;15016;4;15003.2;-1.1
0;52000;CHOCOLATE;7996;20;7995;14;7992;12;8008;5;8010;6;8012;5;8002.4;0.9
0;52100;ROSES;14993;3;14990;20;14987;18;15013;4;15015;15;15018;15;15003.3;-2.4
0;52100;CHOCOLATE;7996;19;7994;8;7991;24;8008;16;8009;16;8010;11;8002.3;-1.3
0;52200;ROSES;14993;3;14992;10;14991;16;15013;20;15014;4;15017;3;15002.9;2.4
0;52200;CHOCOLATE;7996;19;7995;10;7994;14;8008;6;8009;15;8010;16;8002.4;-0.7
0;52300;ROSES;14992;18;14990;6;14989;5;15012;5;15015;11;15017;20;15002.4;-1.6
0;52300;CHOCOLATE;7997;14;7995;16;7994;22;8009;14;8011;25;8014;12;8002.6;2.0
0;52400;ROSES;14992;4;14989;14;14986;16;15012;18;15015;11;15016;5;15002.2;-0.2
0;52400;CHOCOLATE;7997;22;7994;11;7993;8;8009;16;8011;9;8014;6;8002.6;0.7
0;52500;ROSES;14993;18;14990;4;14988;11;15013;11;15014;15;15015;12;15002.7;-0.3
0;52500;CHOCOLATE;7997;5;7995;17;7992;17;8009;19;8011;6;8013;12;8002.7;-0.5
0;52600;ROSES;14993;12;14991;4;14988;20;15013;14;15014;3;15017;13;15002.7;0.8
0;52600;CHOCOLATE;7997;24;7994;18;7993;18;8009;6;8010;8;8012;22;8003.2;-1.3
0;52700;ROSES;14992;16;14989;19;14987;11;15012;8;15015;15;15017;17;15002.3;1.4
0;52700;CHOCOLATE;7997;13;7996;7;7995;12;8009;22;8011;14;8014;15;8003.2;-3.0
0;52800;ROSES;14992;11;14990;3;14988;6;15012;12;15014;13;15017;11;15002.3;-0.2
0;52800;CHOCOLATE;7997;6;7996;16;7994;20;8009;25;8010;22;8012;11;8003.4;-1.2
0;52900;ROSES;14992;13;14991;5;14989;17;15012;8;15015;11;15018;11;15001.9;0.9
0;52900;CHOCOLATE;7997;24;7996;25;7993;6;8009;12;8010;8;8011;25;8003.4;1.5
0;53000;ROSES;14992;20;14990;10;14987;4;15012;11;15014;11;15015;3;15002.4;0.5
0;53000;CHOCOLATE;7997;24;7995;12;7992;16;8009;8;8012;7;8013;21;8003.1;-2.4
0;53100;ROSES;14992;14;14991;16;14990;5;15012;16;15014;12;15017;7;15002.0;0.5
0;53100;CHOCOLATE;7998;16;7996;20;7994;14;8010;24;8012;5;8015;10;8003.5;0.3
0;53200;ROSES;14992;9;14991;13;14988;19;15012;19;15013;14;15014;9;15001.9;0.8
0;53200;CHOCOLATE;7997;25;7994;7;7991;7;8009;12;8010;23;8012;21;8003.2;1.2
0;53300;ROSES;14992;6;14989;19;14987;4;15012;18;15015;19;15018;19;15002.3;-0.0
0;53300;CHOCOLATE;7997;12;7994;16;7992;12;8009;19;8010;15;8012;8;8003.0;0.4
0;53400;ROSES;14992;20;14990;19;14988;5;15012;14;15013;18;15015;10;15002.2;-1.4
0;53400;CHOCOLATE;7997;18;7994;23;7993;9;8009;24;8012;13;8013;14;8002.7;0.4
0;53500;ROSES;14992;18;14990;9;14988;8;15012;17;15015;3;15016;8;15002.1;0.6
0;53500;CHOCOLATE;7997;8;7994;9;7991;6;8009;18;8011;5;8014;10;8002.9;0.7
0;53600;ROSES;14992;7;14989;15;14987;20;15012;10;15014;12;15016;6;15002.3;-0.0
0;53600;CHOCOLATE;7997;8;7995;6;7992;7;8009;16;8012;19;8015;18;8002.6;2.1
0;53700;ROSES;14992;7;14990;8;14988;19;15012;5;15014;7;15017;3;15001.9;-1.6
0;53700;CHOCOLATE;7996;19;7993;10;7991;21;8008;23;8010;13;8012;8;8002.4;-0.7
0;53800;ROSES;14992;19;14991;16;14988;12;15012;13;15015;15;15018;13;15002.0;1.6
0;53800;CHOCOLATE;7996;18;7995;21;7992;13;8008;23;8011;24;8012;15;8002.4;-3.3
0;53900;ROSES;14992;17;14991;10;14989;8;15012;12;15014;11;15016;6;15002.2;0.6
0;53900;CHOCOLATE;7997;21;7996;10;7995;5;8009;24;8010;6;8013;22;8002.8;-0.9
0;54000;ROSES;14992;12;14990;16;14989;17;15012;19;15014;7;15015;17;15002.0;-0.2
0;54000;CHOCOLATE;7997;20;7994;13;7993;7;8009;9;8011;13;8013;8;8002.8;0.6
0;54100;ROSES;14992;13;14989;8;14988;19;15012;13;15015;11;15016;17;15002.5;-0.5
0;54100;CHOCOLATE;7996;6;7995;18;7992;8;8008;21;8011;15;8013;11;8002.5;-1.2
0;54200;ROSES;14993;3;14990;10;14989;7;15013;15;15016;10;15019;9;15002.7;-1.7
0;54200;CHOCOLATE;7996;9;7995;11;7992;25;8008;7;8010;21;8012;11;8002.5;0.8
0;54300;ROSES;14993;8;14990;4;14987;16;15013;11;15014;15;15017;10;15002.9;0.0
0;54300;CHOCOLATE;7996;14;7993;20;7992;20;8008;25;8010;17;8011;24;8002.3;-1.2
0;54400;ROSES;14993;16;14992;17;14991;13;15013;10;15014;16;15016;6;15002.6;1.2
0;54400;CHOCOLATE;7997;17;7994;9;7993;20;8009;20;8011;24;8014;18;8002.6;3.0
0;54500;ROSES;14993;4;14991;20;14988;13;15013;11;15014;13;15016;16;15002.6;-0.3
0;54500;CHOCOLATE;7996;20;7994;12;7992;15;8008;25;8009;6;8011;14;8002.4;0.9
0;54600;ROSES;14992;6;14991;13;14988;7;15012;20;15013;3;15016;3;15002.4;0.3
0;54600;CHOCOLATE;7996;7;7993;25;7991;6;8008;21;8010;11;8013;16;8002.4;-0.6
0;54700;ROSES;14992;12;14989;8;14987;14;15012;13;15015;16;15016;9;15001.6;-0.9
0;54700;CHOCOLATE;7996;8;7995;21;7994;17;8008;20;8009;6;8012;10;8002.2;-0.3
0;54800;ROSES;14992;11;14989;6;14986;15;15012;15;15013;7;15014;11;15001.5;0.3
0;54800;CHOCOLATE;7996;18;7993;5;7990;5;8008;22;8011;24;8014;9;8002.3;-0.4
0;54900;ROSES;14992;13;14990;16;14989;19;15012;3;15015;12;15017;11;15001.9;1.0
0;54900;CHOCOLATE;7996;14;7993;18;7990;7;8008;12;8010;18;8012;22;8002.1;0.2
0;55000;ROSES;14992;15;14989;3;14986;18;15012;15;15015;14;15016;20;15001.8;1.1
0;55000;CHOCOLATE;7996;19;7993;16;7992;20;8008;23;8010;8;8011;25;8002.1;-1.5
0;55100;ROSES;14992;8;14989;9;14988;18;15012;10;15013;5;15016;7;15001.8;0.7
0;55100;CHOCOLATE;7996;6;7993;20;7990;13;8008;18;8011;14;8012;15;8001.6;1.5
0;55200;ROSES;14992;3;14989;11;14986;9;15012;20;15015;18;15017;20;15001.8;-0.3
0;55200;CHOCOLATE;7995;20;7994;21;7992;22;8007;7;8009;8;8012;18;8000.8;0.0
0;55300;ROSES;14992;6;14991;8;14990;9;15012;17;15015;6;15018;4;15001.7;-1.3
0;55300;CHOCOLATE;7995;22;7992;18;7989;17;8007;5;8009;14;8010;8;8001.1;-1.1
0;55400;ROSES;14992;14;14989;8;14987;7;15012;12;15015;19;15017;9;15001.5;0.5
0;55400;CHOCOLATE;7995;20;7993;19;7990;11;8007;15;8010;9;8012;10;8001.3;-3.2
0;55500;ROSES;14991;7;14990;18;14988;5;15011;3;15013;12;15014;9;15000.9;-0.4
0;55500;CHOCOLATE;7995;24;7993;19;7991;24;8007;10;8008;7;8009;16;8001.4;0.6
0;55600;ROSES;14990;11;14988;12;14985;16;15010;12;15011;14;15012;15;15000.5;-2.2
0;55600;CHOCOLATE;7996;23;7993;9;7990;8;8008;11;8009;13;8010;10;8001.7;-0.7
0;55700;ROSES;14990;13;14987;11;14984;18;15010;9;15013;8;15015;3;15000.5;0.6
0;55700;CHOCOLATE;7996;10;7995;20;7992;5;8008;15;8009;7;8010;6;8001.9;-4.1
0;55800;ROSES;14991;12;14989;19;14986;6;15011;10;15013;20;15015;15;15000.9;1.9
0;55800;CHOCOLATE;7996;15;7994;21;7992;7;8008;24;8010;11;8013;10;8001.7;1.0
0;55900;ROSES;14991;17;14988;18;14987;11;15011;6;15013;20;15016;16;15001.4;-0.9
0;55900;CHOCOLATE;7996;18;7994;11;7992;24;8008;22;8011;11;8013;17;8001.6;-0.7
0;56000;ROSES;14991;19;14990;9;14989;3;15011;12;15013;13;15015;6;15000.9;2.3
0;56000;CHOCOLATE;7996;6;7993;25;7992;13;8008;25;8011;20;8013;17;8002.2;-1.7
0;56100;ROSES;14991;3;14989;18;14987;17;15011;18;15014;8;15015;18;15001.4;0.6
0;56100;CHOCOLATE;7996;5;7993;24;7992;9;8008;10;8009;9;8011;7;8002.2;-2.0
0;56200;ROSES;14991;4;14990;13;14988;6;15011;20;15014;11;15017;9;15000.8;1.3
0;56200;CHOCOLATE;7996;10;7994;23;7991;16;8008;21;8010;5;8013;17;8001.9;-1.9
0;56300;ROSES;14990;7;14989;11;14988;5;15010;8;15011;17;15014;4;15000.5;1.0
0;56300;CHOCOLATE;7996;5;7993;14;7991;13;8008;22;8009;16;8012;8;8001.9;0.9
0;56400;ROSES;14990;5;14987;6;14986;5;15010;8;15013;5;15015;8;15000.3;1.5
0;56400;CHOCOLATE;7996;25;7995;16;7994;19;8008;7;8009;12;8010;14;8001.7;1.8
0;56500;ROSES;14990;12;14989;4;14986;15;15010;12;15013;8;15014;11;15000.5;-1.7
0;56500;CHOCOLATE;7996;10;7995;14;7994;13;8008;19;8010;13;8011;7;8001.8;0.9
0;56600;ROSES;14990;8;14988;4;14985;15;15010;7;15013;20;15015;9;15000.1;0.1
0;56600;CHOCOLATE;7996;15;7993;21;7990;22;8008;13;8010;7;8011;21;8002.2;-0.1
0;56700;ROSES;14990;19;14988;8;14986;18;15010;7;15011;17;15012;13;15000.1;-1.1
0;56700;CHOCOLATE;7996;8;7993;25;7992;16;8008;5;8010;10;8013;18;8002.0;1.0
0;56800;ROSES;14990;8;14989;17;14988;20;15010;8;15012;3;15014;17;14999.8;0.2
0;56800;CHOCOLATE;7996;17;7993;20;7990;12;8008;13;8010;16;8013;24;8002.1;-1.5
0;56900;ROSES;14990;6;14988;16;14987;16;15010;11;15011;15;15014;3;14999.6;1.8
0;56900;CHOCOLATE;7996;11;7994;23;7991;9;8008;9;8011;15;8014;6;8002.2;0.7
0;57000;ROSES;14990;8;14989;17;14987;3;15010;7;15012;9;15014;8;14999.9;-0.2
0;57000;CHOCOLATE;7996;12;7995;9;7994;22;8008;16;8010;5;8011;20;8002.1;0.6
0;57100;ROSES;14990;9;14987;18;14984;15;15010;17;15012;10;15015;6;14999.9;0.6
0;57100;CHOCOLATE;7996;18;7995;24;7993;17;8008;22;8010;7;8012;16;8001.9;0.8
0;57200;ROSES;14989;8;14986;10;14985;14;15009;14;15010;13;15013;19;14999.4;0.2
0;57200;CHOCOLATE;7996;9;7994;20;7993;11;8008;6;8011;11;8012;14;8002.1;-1.8
0;57300;ROSES;14989;12;14986;12;14985;15;15009;18;15011;4;15012;11;14999.2;0.5
0;57300;CHOCOLATE;7996;8;7995;19;7993;7;8008;16;8011;8;8014;25;8002.4;-0.4
0;57400;ROSES;14990;19;14989;15;14988;17;15010;3;15012;18;15013;15;14999.5;-2.0
0;57400;CHOCOLATE;7996;8;7994;24;7992;19;8008;21;8011;16;8014;20;8002.3;0.2
0;57500;ROSES;14989;20;14987;15;14986;5;15009;7;15010;3;15012;13;14999.4;-2.7
0;57500;CHOCOLATE;7997;19;7995;18;7994;6;8009;19;8012;14;8015;6;8002.8;-0.7
0;57600;ROSES;14990;14;14988;11;14987;16;15010;13;15013;12;15016;3;14999.7;1.2
0;57600;CHOCOLATE;7997;15;7995;14;7993;25;8009;6;8010;24;8012;8;8002.6;-0.2
0;57700;ROSES;14990;5;14987;20;14985;6;15010;7;15011;7;15012;18;14999.6;0.3
0;57700;CHOCOLATE;7996;21;7994;23;7991;19;8008;6;8011;7;8012;15;8002.4;0.5
0;57800;ROSES;14990;19;14987;5;14984;13;15010;12;15011;16;15013;15;14999.5;0.6
0;57800;CHOCOLATE;7997;7;7995;18;7992;8;8009;11;8012;23;8015;13;8003.1;0.5
0;57900;ROSES;14990;14;14987;18;14986;9;15010;16;15013;11;15014;8;14999.9;-0.1
0;57900;CHOCOLATE;7997;14;7994;13;7992;5;8009;18;8010;11;8013;5;8003.0;2.1
0;58000;ROSES;14990;13;14988;6;14986;10;15010;10;15012;3;15015;13;15000.0;-2.1
0;58000;CHOCOLATE;7997;23;7994;18;7991;25;8009;24;8012;15;8014;22;8003.1;2.0
0;58100;ROSES;14990;14;14989;17;14987;7;15010;17;15012;18;15014;9;14999.5;2.2
0;58100;CHOCOLATE;7997;23;7995;7;7993;25;8009;20;8011;22;8012;16;8002.9;-0.2
0;58200;ROSES;14990;13;14987;17;14985;17;15010;3;15012;7;15014;8;14999.9;1.2
0;58200;CHOCOLATE;7997;20;7995;12;7994;17;8009;22;8011;9;8014;17;8002.7;-1.3
0;58300;ROSES;14989;6;14988;12;14986;8;15009;8;15010;15;15011;20;14999.4;-1.8
0;58300;CHOCOLATE;7996;16;7994;25;7991;8;8008;25;8010;25;8012;15;8002.2;1.3
0;58400;ROSES;14989;12;14988;17;14986;8;15009;8;15011;15;15013;12;14999.1;-0.0
0;58400;CHOCOLATE;7997;8;7995;17;7992;23;8009;25;8010;18;8013;18;8002.8;0.1
0;58500;ROSES;14989;19;14986;5;14985;16;15009;3;15010;13;15013;10;14998.7;1.1
0;58500;CHOCOLATE;7997;24;7994;25;7993;17;8009;22;8011;21;8012;11;8003.0;1.8
0;58600;ROSES;14989;18;14987;9;14984;13;15009;7;15010;12;15011;5;14998.8;-0.7
0;58600;CHOCOLATE;7997;24;7995;19;7993;12;8009;10;8010;19;8013;21;8003.2;-0.6
0;58700;ROSES;14988;5;14986;3;14985;4;15008;16;15009;19;15011;18;14998.5;-2.1
0;58700;CHOCOLATE;7997;8;7995;24;7993;25;8009;22;8012;5;8015;19;8003.2;-0.4
0;58800;ROSES;14988;14;14986;15;14984;19;15008;17;15011;16;15012;6;14998.0;0.3
0;58800;CHOCOLATE;7998;16;7995;18;7994;15;8010;9;8013;12;8014;20;8003.7;1.7
0;58900;ROSES;14988;18;14985;10;14982;11;15008;13;15009;12;15011;17;14998.0;0.6
0;58900;CHOCOLATE;7998;6;7996;9;7993;9;8010;21;8012;14;8015;5;8003.5;1.4
0;59000;ROSES;14988;8;14986;12;14983;18;15008;17;15010;12;15012;7;14998.1;1.4
0;59000;CHOCOLATE;7998;13;7997;25;7994;12;8010;5;8012;11;8014;23;8003.5;-2.3
0;59100;ROSES;14988;19;14986;15;14984;18;15008;8;15011;14;15014;7;14998.0;1.9
0;59100;CHOCOLATE;7997;25;7994;10;7992;21;8009;20;8011;10;8013;20;8003.2;-0.9
0;59200;ROSES;14988;9;14987;10;14985;7;15008;11;15009;6;15011;9;14998.0;-0.2
0;59200;CHOCOLATE;7997;12;7994;11;7993;16;8009;6;8012;17;8015;25;8003.0;1.3
0;59300;ROSES;14988;20;14987;5;14985;4;15008;17;15011;19;15014;10;14998.2;0.8
0;59300;CHOCOLATE;7997;12;7996;19;7993;10;8009;6;8012;24;8013;13;8003.0;2.6
0;59400;ROSES;14988;19;14987;12;14984;4;15008;9;15009;10;15010;10;14998.1;-0.2
0;59400;CHOCOLATE;7997;15;7995;25;7994;7;8009;11;8012;20;8013;8;8002.7;-1.0
0;59500;ROSES;14988;18;14987;12;14984;3;15008;16;15011;6;15012;17;14997.8;0.6
0;59500;CHOCOLATE;7997;13;7994;18;7991;24;8009;13;8011;20;8012;25;8002.7;-1.0
0;59600;ROSES;14988;11;14985;20;14983;10;15008;13;15011;11;15013;20;14997.9;1.6
0;59600;CHOCOLATE;7996;15;7995;21;7994;20;8008;20;8010;10;8011;10;8002.3;-0.0
0;59700;ROSES;14988;20;14986;8;14985;9;15008;6;15010;10;15012;9;14998.2;0.6
0;59700;CHOCOLATE;7996;14;7993;24;7991;11;8008;23;8009;9;8012;15;8002.2;1.2
0;59800;ROSES;14988;8;14987;13;14986;19;15008;18;15011;16;15014;11;14998.5;2.1
0;59800;CHOCOLATE;7996;15;7994;16;7992;15;8008;19;8009;14;8011;18;8002.3;1.2
0;59900;ROSES;14988;14;14987;7;14985;17;15008;11;15009;3;15011;9;14998.0;-1.0
0;59900;CHOCOLATE;7996;18;7994;17;7992;15;8008;22;8009;22;8011;11;8002.4;2.3
0;60000;ROSES;14988;10;14986;8;14984;13;15008;18;15009;18;15010;4;14998.2;-2.0
0;60000;CHOCOLATE;7996;24;7993;23;7991;17;8008;6;8009;8;8011;6;8002.4;-1.5
0;60100;ROSES;14988;18;14986;7;14984;5;15008;13;15010;16;15011;7;14998.0;-0.9
0;60100;CHOCOLATE;7997;19;7994;12;7993;15;8009;23;8012;22;8013;13;8002.7;-1.4
0;60200;ROSES;14988;13;14985;14;14984;17;15008;9;15009;8;15010;13;14997.5;-1.0
0;60200;CHOCOLATE;7996;13;7994;13;7993;24;8008;5;8011;9;8014;8;8002.4;0.3
0;60300;ROSES;14987;19;14985;14;14984;3;15007;16;15010;4;15011;19;14997.3;-1.2
0;60300;CHOCOLATE;7997;15;7994;25;7992;7;8009;7;8011;23;8014;7;8002.6;-1.0
0;60400;ROSES;14988;17;14985;9;14984;5;15008;16;15011;11;15012;17;14997.8;-0.4
0;60400;CHOCOLATE;7996;7;7993;10;7992;25;8008;23;8011;15;8013;19;8002.0;0.9
0;60500;ROSES;14987;12;14985;3;14984;15;15007;3;15009;3;15012;10;14997.3;-0.4
0;60500;CHOCOLATE;7996;22;7995;19;7992;25;8008;11;8011;23;8013;16;8001.9;0.8
0;60600;ROSES;14988;9;14985;12;14984;8;15008;6;15009;3;15010;20;14997.7;-1.5
0;60600;CHOCOLATE;7995;15;7994;15;7991;12;8007;11;8009;11;8010;14;8001.4;-1.7
0;60700;ROSES;14988;7;14987;17;14986;6;15008;15;15010;3;15011;17;14998.2;4.0
0;60700;CHOCOLATE;7996;19;7995;17;7993;11;8008;11;8009;17;8011;23;8001.8;-2.2
0;60800;ROSES;14988;19;14987;6;14984;8;15008;9;15011;6;15014;18;14998.2;-0.6
0;60800;CHOCOLATE;7996;7;7994;21;7992;16;8008;20;8009;13;8010;21;8001.8;-1.4
0;60900;ROSES;14988;6;14987;14;14985;14;15008;12;15010;5;15012;16;14998.5;1.1
0;60900;CHOCOLATE;7996;25;7995;17;7992;20;8008;5;8009;13;8012;25;8002.2;-0.7
0;61000;ROSES;14989;7;14988;19;14987;7;15009;7;15012;18;15013;4;14998.6;-0.3
0;61000;CHOCOLATE;7997;24;7994;18;7991;10;8009;18;8011;10;8013;10;8002.7;1.0
0;61100;ROSES;14989;6;14986;8;14983;3;15009;18;15010;9;15012;12;14999.3;-1.5
0;61100;CHOCOLATE;7996;5;7994;15;7991;5;8008;20;8010;6;8011;9;8002.5;0.8
0;61200;ROSES;14989;8;14987;8;14984;6;15009;3;15012;14;15015;10;14999.4;-0.2
0;61200;CHOCOLATE;7997;22;7996;19;7994;9;8009;24;8011;25;8013;5;8003.2;2.5
0;61300;ROSES;14989;20;14987;14;14986;6;15009;18;15011;18;15014;9;14999.2;1.6
0;61300;CHOCOLATE;7998;8;7997;17;7996;14;8010;24;8013;8;8014;12;8003.5;1.3
0;61400;ROSES;14989;17;14986;19;14984;19;15009;11;15011;7;15014;13;14999.3;1.0
0;61400;CHOCOLATE;7997;17;7994;25;7991;6;8009;11;8010;10;8013;5;8003.1;1.1
0;61500;ROSES;14989;3;14988;18;14987;18;15009;14;15011;9;15013;15;14999.3;0.3
0;61500;CHOCOLATE;7997;8;7994;13;7992;25;8009;21;8012;15;8014;15;8002.9;0.3
0;61600;ROSES;14990;6;14988;13;14986;19;15010;11;15013;5;15015;14;14999.5;-0.0
0;61600;CHOCOLATE;7997;19;7994;8;7993;8;8009;22;8010;14;8011;9;8002.9;0.2
0;61700;ROSES;14990;8;14988;15;14985;19;15010;9;15011;7;15014;10;14999.7;-0.9
0;61700;CHOCOLATE;7997;9;7994;23;7992;21;8009;21;8012;6;8015;22;8002.9;-1.0
0;61800;ROSES;14990;6;14987;8;14986;10;15010;7;15012;20;15013;16;14999.6;0.8
0;61800;CHOCOLATE;7997;18;7995;20;7993;19;8009;15;8011;9;8014;14;8003.0;-1.0
0;61900;ROSES;14990;5;14987;4;14984;16;15010;7;15012;7;15013;18;14999.8;0.0
0;61900;CHOCOLATE;7997;18;7996;17;7994;23;8009;11;8010;12;8013;16;8003.3;-2.4
0;62000;ROSES;14990;7;14988;9;14987;17;15010;7;15012;11;15013;13;15000.5;1.7
0;62000;CHOCOLATE;7997;24;7995;20;7992;12;8009;19;8010;14;8013;8;8003.4;0.1
0;62100;ROSES;14990;11;14989;4;14988;15;15010;11;15013;6;15015;17;15000.1;-0.5
0;62100;CHOCOLATE;7997;12;7994;21;7991;8;8009;7;8011;24;8013;24;8003.2;0.4
0;62200;ROSES;14990;16;14987;4;14985;6;15010;11;15013;11;15015;11;15000.2;-0.9
0;62200;CHOCOLATE;7997;5;7994;8;7992;20;8009;12;8011;23;8012;20;8003.1;-1.1
0;62300;ROSES;14990;20;14988;15;14987;19;15010;15;15013;4;15015;6;15000.3;1.6
0;62300;CHOCOLATE;7997;12;7996;16;7993;23;8009;24;8010;18;8011;17;8002.6;-1.5
0;62400;ROSES;14990;19;14987;4;14985;15;15010;16;15012;3;15015;9;15000.3;-0.4
0;62400;CHOCOLATE;7997;5;7995;19;7994;13;8009;16;8011;16;8013;16;8002.6;-0.1
0;62500;ROSES;14990;11;14988;8;14987;9;15010;20;15012;20;15014;13;15000.5;-0.2
0;62500;CHOCOLATE;7996;16;7995;24;7993;22;8008;12;8009;15;8011;14;8002.5;-2.6
0;62600;ROSES;14991;18;14988;8;14986;15;15011;9;15013;11;15016;18;15000.9;1.5
0;62600;CHOCOLATE;7996;5;7994;8;7993;11;8008;23;8009;14;8011;21;8002.2;2.3
0;62700;ROSES;14991;5;14988;9;14985;5;15011;5;15012;15;15014;11;15000.8;-1.9
0;62700;CHOCOLATE;7996;8;7994;14;7992;24;8008;23;8009;7;8011;15;8002.4;1.1
0;62800;ROSES;14991;11;14990;3;14989;18;15011;10;15014;10;15015;10;15001.1;-0.0
0;62800;CHOCOLATE;7997;12;7996;5;7995;24;8009;20;8010;19;8012;18;8002.6;-1.2
0;62900;ROSES;14990;15;14989;15;14987;11;15010;14;15011;11;15014;16;15000.1;-2.0
0;62900;CHOCOLATE;7996;7;7995;9;7993;15;8008;12;8011;22;8013;23;8002.2;2.5
0;63000;ROSES;14991;13;14988;6;14985;10;15011;14;15013;20;15016;10;15000.7;3.2
0;63000;CHOCOLATE;7996;20;7995;23;7993;18;8008;7;8011;10;8013;5;8001.8;0.4
0;63100;ROSES;14990;7;14989;5;14987;14;15010;5;15012;11;15015;11;15000.3;-0.7
0;63100;CHOCOLATE;7996;9;7993;17;7990;11;8008;19;8010;14;8012;22;8002.2;-0.8
0;63200;ROSES;14990;7;14989;20;14986;13;15010;3;15013;4;15015;14;15000.2;-1.3
0;63200;CHOCOLATE;7996;18;7995;10;7992;11;8008;12;8009;24;8012;10;8001.8;-1.4
0;63300;ROSES;14990;5;14988;6;14985;15;15010;15;15011;16;15013;15;15000.3;-0.3
0;63300;CHOCOLATE;7996;16;7994;10;7993;18;8008;13;8009;20;8011;7;8001.7;-0.8
0;63400;ROSES;14990;5;14989;13;14987;17;15010;6;15013;19;15016;11;15000.4;1.5
0;63400;CHOCOLATE;7996;8;7993;10;7992;5;8008;21;8011;5;8013;5;8002.2;0.3
0;63500;ROSES;14990;8;14987;9;14984;18;15010;8;15012;20;15013;9;15000.3;1.2
0;63500;CHOCOLATE;7996;23;7993;10;7992;19;8008;10;8011;21;8013;9;8002.3;-0.1
0;63600;ROSES;14990;12;14987;12;14986;6;15010;14;15013;8;15014;19;15000.4;-1.6
0;63600;CHOCOLATE;7996;15;7995;19;7992;22;8008;17;8009;19;8012;8;8002.4;0.6
0;63700;ROSES;14990;18;14989;9;14987;15;15010;4;15011;14;15012;4;15000.3;-0.5
0;63700;CHOCOLATE;7997;21;7994;7;7991;25;8009;15;8012;21;8013;23;8002.9;-1.8
0;63800;ROSES;14990;12;14988;13;14985;7;15010;17;15013;9;15014;12;15000.0;-0.9
0;63800;CHOCOLATE;7997;5;7995;20;7993;8;8009;15;8010;22;8012;20;8003.2;-0.6
0;63900;ROSES;14990;19;14988;4;14985;9;15010;5;15013;12;15014;20;14999.8;-0.9
0;63900;CHOCOLATE;7997;14;7996;17;7993;11;8009;16;8010;22;8011;6;8003.4;1.2
0;64000;ROSES;14990;8;14988;19;14985;14;15010;4;15013;9;15016;6;15000.0;-2.2
0;64000;CHOCOLATE;7997;11;7996;20;7993;11;8009;23;8011;25;8012;24;8003.2;0.3
0;64100;ROSES;14991;3;14990;10;14987;13;15011;8;15012;15;15014;10;15000.7;0.4
0;64100;CHOCOLATE;7997;12;7996;24;7995;13;8009;18;8010;23;8013;25;8002.8;2.2
0;64200;ROSES;14990;3;14987;16;14984;16;15010;15;15012;11;15014;9;15000.4;3.5
0;64200;CHOCOLATE;7997;17;7994;6;7993;19;8009;9;8012;12;8015;7;8002.9;-1.7
0;64300;ROSES;14990;13;14988;8;14987;11;15010;15;15011;12;15014;20;15000.3;-0.6
0;64300;CHOCOLATE;7997;11;7995;7;7994;22;8009;20;8010;11;8012;9;8002.8;3.1
0;64400;ROSES;14990;4;14988;15;14987;8;15010;5;15011;5;15012;10;15000.2;-0.0
0;64400;CHOCOLATE;7996;6;7993;21;7992;11;8008;11;8010;15;8013;6;8002.5;0.6
0;64500;ROSES;14990;17;14988;9;14986;4;15010;15;15011;15;15013;7;14999.6;-1.6
0;64500;CHOCOLATE;7997;15;7996;19;7995;5;8009;19;8012;7;8013;12;8002.9;-0.6
0;64600;ROSES;14989;4;14988;6;14987;5;15009;16;15012;19;15014;20;14999.4;-0.8
0;64600;CHOCOLATE;7997;9;7994;8;7992;12;8009;5;8011;17;8012;5;8003.3;0.3
0;64700;ROSES;14989;4;14986;20;14985;5;15009;3;15010;18;15013;15;14998.9;-1.1
0;64700;CHOCOLATE;7997;20;7995;24;7992;13;8009;16;8010;25;8013;19;8003.2;2.2
0;64800;ROSES;14988;7;14986;12;14983;8;15008;15;15010;11;15011;8;14998.2;0.5
